<?xml version="1.0" encoding="UTF-8"?>
<!DOCTYPE html PUBLIC "-//W3C//DTD XHTML 1.0 Transitional//EN"
    "http://www.w3.org/TR/xhtml1/DTD/xhtml1-transitional.dtd">
<html xmlns="http://www.w3.org/1999/xhtml" xml:lang="en" lang="en">
 <head>
  <title>
</title>
<meta http-equiv="Content-Type" content="text/html;charset=utf-8" />
  <meta name='ocr-system' content='tesseract 3.04.00' />
  <meta name='ocr-capabilities' content='ocr_page ocr_carea ocr_par ocr_line ocrx_word'/>
</head>
<body>
  <div class='ocr_page' id='page_1' title='image "./enumeratiomyrtac00kiae_0180.png"; bbox 0 0 2116 3447; ppageno 0'>
   <div class='ocr_carea' id='block_1_1' title="bbox 1148 189 1226 230">
    <p class='ocr_par' dir='ltr' id='par_1_1' title="bbox 1148 189 1226 230">
     <span class='ocr_line' id='line_1_1' title="bbox 1148 189 1226 230; baseline -0.026 0"><span class='ocrx_word' id='word_1_1' title='bbox 1148 189 1226 230; x_wconf 79' lang='lat'>174</span> 
     </span>
    </p>
   </div>
   <div class='ocr_carea' id='block_1_2' title="bbox 1080 235 1272 242">
    <p class='ocr_par' dir='ltr' id='par_1_2' title="bbox 1080 235 1272 242">
     <span class='ocr_line' id='line_1_2' title="bbox 1080 235 1272 242; baseline 0 0"><span class='ocrx_word' id='word_1_2' title='bbox 1080 235 1272 242; x_wconf 95' lang='lat' dir='ltr'> </span> 
     </span>
    </p>
   </div>
   <div class='ocr_carea' id='block_1_3' title="bbox 435 321 1937 424">
    <p class='ocr_par' dir='ltr' id='par_1_3' title="bbox 435 321 1937 424">
     <span class='ocr_line' id='line_1_3' title="bbox 550 321 1937 366; baseline 0.005 -16"><span class='ocrx_word' id='word_1_3' title='bbox 550 321 603 351; x_wconf 85' lang='lat' dir='ltr'>Ad</span> <span class='ocrx_word' id='word_1_4' title='bbox 642 321 783 361; x_wconf 82' lang='lat' dir='ltr'>Lagoa</span> <span class='ocrx_word' id='word_1_5' title='bbox 822 321 948 351; x_wconf 86' lang='lat' dir='ltr'>Santa</span> <span class='ocrx_word' id='word_1_6' title='bbox 988 322 1022 352; x_wconf 88' lang='lat' dir='ltr'>in</span> <span class='ocrx_word' id='word_1_7' title='bbox 1063 322 1153 352; x_wconf 78' lang='lat' dir='ltr'>silvis</span> <span class='ocrx_word' id='word_1_8' title='bbox 1192 328 1223 353; x_wconf 88' lang='lat' dir='ltr'>et</span> <span class='ocrx_word' id='word_1_9' title='bbox 1262 323 1360 353; x_wconf 88' lang='lat' dir='ltr'>culta.</span> <span class='ocrx_word' id='word_1_10' title='bbox 1412 323 1524 353; x_wconf 84' lang='lat' dir='ltr'>Arbor</span> <span class='ocrx_word' id='word_1_11' title='bbox 1557 335 1598 354; x_wconf 89' lang='lat' dir='ltr'>m.</span> <span class='ocrx_word' id='word_1_12' title='bbox 1636 324 1726 366; x_wconf 86' lang='lat' dir='ltr'>Sept.</span> <span class='ocrx_word' id='word_1_13' title='bbox 1756 326 1829 357; x_wconf 88' lang='lat' dir='ltr'>Oct.</span> <span class='ocrx_word' id='word_1_14' title='bbox 1865 327 1937 358; x_wconf 86' lang='lat' dir='ltr'>flor.</span> 
     </span>
     <span class='ocr_line' id='line_1_4' title="bbox 435 377 1914 424; baseline 0.004 -14"><span class='ocrx_word' id='word_1_15' title='bbox 435 381 710 421; x_wconf 62' lang='lat' dir='ltr'>»Jambreira«</span> <span class='ocrx_word' id='word_1_16' title='bbox 743 380 843 411; x_wconf 90' lang='lat' dir='ltr'>incol.</span> <span class='ocrx_word' id='word_1_17' title='bbox 897 377 1111 421; x_wconf 32' lang='lat' dir='ltr'>[Vk‘armingl‘.</span> <span class='ocrx_word' id='word_1_18' title='bbox 1164 381 1240 411; x_wconf 83' lang='lat' dir='ltr'>Rio</span> <span class='ocrx_word' id='word_1_19' title='bbox 1269 382 1315 412; x_wconf 81' lang='lat' dir='ltr'>&lt;le</span> <span class='ocrx_word' id='word_1_20' title='bbox 1338 382 1508 422; x_wconf 80' lang='lat' dir='ltr'>Janeiro</span> <span class='ocrx_word' id='word_1_21' title='bbox 1537 382 1706 417; x_wconf 74' lang='lat' dir='ltr'>(Glaziouz</span> <span class='ocrx_word' id='word_1_22' title='bbox 1737 395 1767 415; x_wconf 88' lang='lat' dir='ltr'>n.</span> <span class='ocrx_word' id='word_1_23' title='bbox 1795 382 1914 424; x_wconf 74' lang='lat'><strong>4808).</strong></span> 
     </span>
    </p>
   </div>
   <div class='ocr_carea' id='block_1_4' title="bbox 550 509 1937 561">
    <p class='ocr_par' dir='ltr' id='par_1_4' title="bbox 550 509 1937 561">
     <span class='ocr_line' id='line_1_5' title="bbox 550 509 1937 561; baseline 0.001 -11"><span class='ocrx_word' id='word_1_24' title='bbox 550 521 646 561; x_wconf 74' lang='lat'><strong>390.</strong></span> <span class='ocrx_word' id='word_1_25' title='bbox 712 510 762 549; x_wconf 77' lang='lat' dir='ltr'>E.</span> <span class='ocrx_word' id='word_1_26' title='bbox 804 509 1066 556; x_wconf 54' lang='lat' dir='ltr'>Javanz&#39;cll</span> <span class='ocrx_word' id='word_1_27' title='bbox 1116 511 1235 550; x_wconf 73' lang='lat' dir='ltr'>Lam.</span> <span class='ocrx_word' id='word_1_28' title='bbox 1301 516 1533 558; x_wconf 81' lang='lat' dir='ltr'>(Eneycl.111</span> <span class='ocrx_word' id='word_1_29' title='bbox 1572 530 1604 560; x_wconf 87' lang='lat' dir='ltr'>p.</span> <span class='ocrx_word' id='word_1_30' title='bbox 1634 517 1727 559; x_wconf 65' lang='lat'><em>200).</em></span> <span class='ocrx_word' id='word_1_31' title='bbox 1778 520 1937 560; x_wconf 66' lang='lat' dir='ltr'>Jamhosa</span> 
     </span>
    </p>
   </div>
   <div class='ocr_carea' id='block_1_5' title="bbox 429 585 1248 678">
    <p class='ocr_par' dir='ltr' id='par_1_5' title="bbox 429 585 1248 678">
     <span class='ocr_line' id='line_1_6' title="bbox 429 585 1248 629; baseline 0.001 -11"><span class='ocrx_word' id='word_1_32' title='bbox 429 588 704 629; x_wconf 73' lang='lat' dir='ltr'>Samarangensis</span> <span class='ocrx_word' id='word_1_33' title='bbox 730 588 803 618; x_wconf 87' lang='lat' dir='ltr'>DC.</span> <span class='ocrx_word' id='word_1_34' title='bbox 856 588 985 623; x_wconf 82' lang='lat' dir='ltr'>(Prodr.</span> <span class='ocrx_word' id='word_1_35' title='bbox 1015 588 1066 618; x_wconf 89' lang='grc' dir='ltr'>ΠΙ</span> <span class='ocrx_word' id='word_1_36' title='bbox 1093 600 1125 629; x_wconf 87' lang='lat' dir='ltr'>p.</span> <span class='ocrx_word' id='word_1_37' title='bbox 1155 585 1248 627; x_wconf 82' lang='lat'>286.)</span> 
     </span>
     <span class='ocr_line' id='line_1_7' title="bbox 547 647 919 678; baseline 0 -1"><span class='ocrx_word' id='word_1_38' title='bbox 547 647 703 678; x_wconf 82' lang='lat' dir='ltr'>Glaziou:</span> <span class='ocrx_word' id='word_1_39' title='bbox 733 659 764 678; x_wconf 90' lang='lat' dir='ltr'>n.</span> <span class='ocrx_word' id='word_1_40' title='bbox 798 647 919 678; x_wconf 80' lang='lat'>10802.</span> 
     </span>
    </p>
   </div>
   <div class='ocr_carea' id='block_1_6' title="bbox 423 834 1935 955">
    <p class='ocr_par' dir='ltr' id='par_1_6' title="bbox 423 834 1935 955">
     <span class='ocr_line' id='line_1_8' title="bbox 543 834 1935 890; baseline 0.001 -14"><span class='ocrx_word' id='word_1_41' title='bbox 543 836 733 888; x_wconf 80' lang='lat' dir='ltr'>Subgen.</span> <span class='ocrx_word' id='word_1_42' title='bbox 773 845 807 887; x_wconf 86' lang='lat'>5.</span> <span class='ocrx_word' id='word_1_43' title='bbox 844 839 1231 886; x_wconf 78' lang='lat' dir='ltr'>Siphoneugenia</span> <span class='ocrx_word' id='word_1_44' title='bbox 1264 834 1403 890; x_wconf 72' lang='lat' dir='ltr'>(Berg)</span> <span class='ocrx_word' id='word_1_45' title='bbox 1452 844 1538 875; x_wconf 86' lang='lat' dir='ltr'>Gen.</span> <span class='ocrx_word' id='word_1_46' title='bbox 1568 846 1827 887; x_wconf 57' lang='lat' dir='ltr'>Szplzoneugsmia</span> <span class='ocrx_word' id='word_1_47' title='bbox 1848 848 1935 889; x_wconf 74' lang='lat' dir='ltr'>Berg</span> 
     </span>
     <span class='ocr_line' id='line_1_9' title="bbox 423 910 1017 955; baseline 0 -11"><span class='ocrx_word' id='word_1_48' title='bbox 423 912 458 952; x_wconf 87' lang='lat' dir='ltr'>(l.</span> <span class='ocrx_word' id='word_1_49' title='bbox 486 925 513 945; x_wconf 89' lang='lat' dir='ltr'>c.</span> <span class='ocrx_word' id='word_1_50' title='bbox 541 926 573 955; x_wconf 90' lang='lat' dir='ltr'>p.</span> <span class='ocrx_word' id='word_1_51' title='bbox 603 910 694 954; x_wconf 77' lang='lat'>378).</span> <span class='ocrx_word' id='word_1_52' title='bbox 747 914 789 945; x_wconf 93' lang='lat' dir='ltr'>N.</span> <span class='ocrx_word' id='word_1_53' title='bbox 819 922 1017 954; x_wconf 74' lang='lat'>391—392.</span> 
     </span>
    </p>
   </div>
   <div class='ocr_carea' id='block_1_7' title="bbox 400 1018 1931 3153">
    <p class='ocr_par' dir='ltr' id='par_1_7' title="bbox 542 1018 1839 1078">
     <span class='ocr_line' id='line_1_10' title="bbox 542 1018 1839 1078; baseline 0.004 -19"><span class='ocrx_word' id='word_1_54' title='bbox 542 1031 638 1071; x_wconf 77' lang='lat'>391.</span> <span class='ocrx_word' id='word_1_55' title='bbox 703 1020 754 1060; x_wconf 81' lang='lat' dir='ltr'>E.</span> <span class='ocrx_word' id='word_1_56' title='bbox 789 1020 1131 1072; x_wconf 74' lang='lat' dir='ltr'>clmoosepala</span> <span class='ocrx_word' id='word_1_57' title='bbox 1171 1035 1268 1061; x_wconf 86' lang='lat' dir='ltr'>nov.</span> <span class='ocrx_word' id='word_1_58' title='bbox 1304 1036 1367 1074; x_wconf 86' lang='lat' dir='ltr'>sp.</span> <span class='ocrx_word' id='word_1_59' title='bbox 1436 1018 1555 1074; x_wconf 82' lang='lat' dir='ltr'>[Tab.</span> <span class='ocrx_word' id='word_1_60' title='bbox 1593 1024 1750 1073; x_wconf 75' lang='lat' dir='ltr'>XXIII,</span> <span class='ocrx_word' id='word_1_61' title='bbox 1786 1021 1839 1078; x_wconf 58' lang='lat' dir='ltr'>lm]</span> 
     </span>
    </p>

    <p class='ocr_par' dir='ltr' id='par_1_8' title="bbox 414 1098 1931 1616">
     <span class='ocr_line' id='line_1_11' title="bbox 539 1098 1931 1154; baseline 0.004 -17"><span class='ocrx_word' id='word_1_62' title='bbox 539 1098 587 1138; x_wconf 83' lang='lat' dir='ltr'>E.</span> <span class='ocrx_word' id='word_1_63' title='bbox 624 1099 751 1137; x_wconf 90' lang='lat' dir='ltr'>ramis</span> <span class='ocrx_word' id='word_1_64' title='bbox 789 1098 994 1137; x_wconf 76' lang='lat' dir='ltr'>teretibus</span> <span class='ocrx_word' id='word_1_65' title='bbox 1033 1098 1210 1149; x_wconf 84' lang='lat' dir='ltr'>glabris;</span> <span class='ocrx_word' id='word_1_66' title='bbox 1261 1098 1370 1138; x_wconf 82' lang='lat' dir='ltr'>foliis</span> <span class='ocrx_word' id='word_1_67' title='bbox 1418 1100 1654 1140; x_wconf 76' lang='lat' dir='ltr'>chartaceis</span> <span class='ocrx_word' id='word_1_68' title='bbox 1702 1102 1931 1154; x_wconf 86' lang='lat' dir='ltr'>pellucido-</span> 
     </span>
     <span class='ocr_line' id='line_1_12' title="bbox 418 1175 1930 1230; baseline 0.005 -16"><span class='ocrx_word' id='word_1_69' title='bbox 418 1176 645 1228; x_wconf 89' lang='lat' dir='ltr'>punctatis,</span> <span class='ocrx_word' id='word_1_70' title='bbox 681 1175 1104 1227; x_wconf 88' lang='lat' dir='ltr'>obovato-oblongis‚</span> <span class='ocrx_word' id='word_1_71' title='bbox 1140 1175 1339 1228; x_wconf 77' lang='lat' dir='ltr'>oblongis</span> <span class='ocrx_word' id='word_1_72' title='bbox 1373 1177 1438 1216; x_wconf 87' lang='lat' dir='ltr'>vel</span> <span class='ocrx_word' id='word_1_73' title='bbox 1472 1177 1930 1230; x_wconf 88' lang='lat' dir='ltr'>oblongo-lanceolatis</span> 
     </span>
     <span class='ocr_line' id='line_1_13' title="bbox 417 1253 1928 1307; baseline 0.005 -16"><span class='ocrx_word' id='word_1_74' title='bbox 417 1253 586 1304; x_wconf 88' lang='lat' dir='ltr'>longius</span> <span class='ocrx_word' id='word_1_75' title='bbox 634 1253 699 1292; x_wconf 84' lang='lat' dir='ltr'>vel</span> <span class='ocrx_word' id='word_1_76' title='bbox 748 1253 933 1292; x_wconf 84' lang='lat' dir='ltr'>breviter</span> <span class='ocrx_word' id='word_1_77' title='bbox 978 1254 1231 1292; x_wconf 76' lang='lat' dir='ltr'>acuminatis</span> <span class='ocrx_word' id='word_1_78' title='bbox 1270 1253 1452 1301; x_wconf 83' lang='lat' dir='ltr'>obtusis,</span> <span class='ocrx_word' id='word_1_79' title='bbox 1500 1255 1677 1307; x_wconf 85' lang='lat' dir='ltr'>glabris;</span> <span class='ocrx_word' id='word_1_80' title='bbox 1728 1257 1928 1298; x_wconf 85' lang='lat' dir='ltr'>dichasiis</span> 
     </span>
     <span class='ocr_line' id='line_1_14' title="bbox 416 1329 1928 1382; baseline 0.003 -13"><span class='ocrx_word' id='word_1_81' title='bbox 416 1330 605 1369; x_wconf 88' lang='lat' dir='ltr'>unifloris</span> <span class='ocrx_word' id='word_1_82' title='bbox 636 1331 675 1369; x_wconf 89' lang='lat' dir='ltr'>in</span> <span class='ocrx_word' id='word_1_83' title='bbox 705 1329 1027 1369; x_wconf 85' lang='lat' dir='ltr'>inflorescentiis</span> <span class='ocrx_word' id='word_1_84' title='bbox 1058 1330 1245 1369; x_wconf 88' lang='lat' dir='ltr'>umbelli—</span> <span class='ocrx_word' id='word_1_85' title='bbox 1269 1331 1333 1370; x_wconf 86' lang='lat' dir='ltr'>vel</span> <span class='ocrx_word' id='word_1_86' title='bbox 1358 1331 1569 1382; x_wconf 90' lang='lat' dir='ltr'>corymbi·</span> <span class='ocrx_word' id='word_1_87' title='bbox 1594 1333 1657 1371; x_wconf 89' lang='lat' dir='ltr'>vel</span> <span class='ocrx_word' id='word_1_88' title='bbox 1688 1335 1928 1374; x_wconf 86' lang='lat' dir='ltr'>racemifor-</span> 
     </span>
     <span class='ocr_line' id='line_1_15' title="bbox 416 1407 1928 1464; baseline 0.003 -18"><span class='ocrx_word' id='word_1_89' title='bbox 416 1407 557 1447; x_wconf 92' lang='lat' dir='ltr'>mibus</span> <span class='ocrx_word' id='word_1_90' title='bbox 581 1407 822 1455; x_wconf 79' lang='lat' dir='ltr'>collocatis3</span> <span class='ocrx_word' id='word_1_91' title='bbox 847 1407 1002 1459; x_wconf 85' lang='lat' dir='ltr'>sepalis</span> <span class='ocrx_word' id='word_1_92' title='bbox 1021 1408 1232 1446; x_wconf 82' lang='lat' dir='ltr'>reclinatis</span> <span class='ocrx_word' id='word_1_93' title='bbox 1251 1409 1578 1454; x_wconf 60' lang='lat' dir='ltr'>triangularibus</span> <span class='ocrx_word' id='word_1_94' title='bbox 1597 1410 1774 1457; x_wconf 76' lang='lat' dir='ltr'>obtusis,</span> <span class='ocrx_word' id='word_1_95' title='bbox 1799 1425 1928 1464; x_wconf 86' lang='lat' dir='ltr'>supra</span> 
     </span>
     <span class='ocr_line' id='line_1_16' title="bbox 415 1484 1927 1541; baseline 0.004 -18"><span class='ocrx_word' id='word_1_96' title='bbox 415 1485 809 1531; x_wconf 83' lang='lat' dir='ltr'>cano-tomentosis,</span> <span class='ocrx_word' id='word_1_97' title='bbox 845 1484 995 1524; x_wconf 78' lang='lat' dir='ltr'>subtus</span> <span class='ocrx_word' id='word_1_98' title='bbox 1014 1485 1249 1536; x_wconf 77' lang='lat' dir='ltr'>praesertim</span> <span class='ocrx_word' id='word_1_99' title='bbox 1274 1485 1439 1537; x_wconf 79' lang='lat' dir='ltr'>apicem</span> <span class='ocrx_word' id='word_1_100' title='bbox 1465 1500 1610 1526; x_wconf 85' lang='lat' dir='ltr'>versus</span> <span class='ocrx_word' id='word_1_101' title='bbox 1645 1487 1802 1538; x_wconf 81' lang='lat' dir='ltr'>pilosis,</span> <span class='ocrx_word' id='word_1_102' title='bbox 1838 1503 1927 1541; x_wconf 92' lang='lat' dir='ltr'>ger-</span> 
     </span>
     <span class='ocr_line' id='line_1_17' title="bbox 414 1561 1836 1616; baseline 0.004 -16"><span class='ocrx_word' id='word_1_103' title='bbox 414 1562 528 1601; x_wconf 85' lang='lat' dir='ltr'>mine</span> <span class='ocrx_word' id='word_1_104' title='bbox 561 1561 710 1613; x_wconf 89' lang='lat' dir='ltr'>glabro</span> <span class='ocrx_word' id='word_1_105' title='bbox 746 1561 974 1609; x_wconf 85' lang='lat' dir='ltr'>2—loculari,</span> <span class='ocrx_word' id='word_1_106' title='bbox 1009 1562 1145 1600; x_wconf 85' lang='lat' dir='ltr'>ovulis</span> <span class='ocrx_word' id='word_1_107' title='bbox 1179 1563 1219 1600; x_wconf 92' lang='lat' dir='ltr'>in</span> <span class='ocrx_word' id='word_1_108' title='bbox 1252 1562 1400 1601; x_wconf 85' lang='lat' dir='ltr'>loculis</span> <span class='ocrx_word' id='word_1_109' title='bbox 1433 1563 1643 1603; x_wconf 91' lang='lat' dir='ltr'>biseriatis</span> <span class='ocrx_word' id='word_1_110' title='bbox 1677 1566 1836 1616; x_wconf 80' lang='lat' dir='ltr'>paucis.</span> 
     </span>
    </p>

    <p class='ocr_par' dir='ltr' id='par_1_9' title="bbox 400 1639 1924 3153">
     <span class='ocr_line' id='line_1_18' title="bbox 534 1639 1924 1691; baseline 0.004 -14"><span class='ocrx_word' id='word_1_111' title='bbox 534 1639 856 1691; x_wconf 77' lang='lat' dir='ltr'>Descriptio:</span> <span class='ocrx_word' id='word_1_112' title='bbox 924 1639 1195 1678; x_wconf 81' lang='lat' dir='ltr'>Ramificatio</span> <span class='ocrx_word' id='word_1_113' title='bbox 1255 1640 1407 1678; x_wconf 88' lang='lat' dir='ltr'>abortu</span> <span class='ocrx_word' id='word_1_114' title='bbox 1457 1653 1642 1691; x_wconf 79' lang='lat' dir='ltr'>gemmae</span> <span class='ocrx_word' id='word_1_115' title='bbox 1690 1644 1924 1683; x_wconf 88' lang='lat' dir='ltr'>terminalis</span> 
     </span>
     <span class='ocr_line' id='line_1_19' title="bbox 412 1716 1924 1769; baseline 0.003 -13"><span class='ocrx_word' id='word_1_116' title='bbox 412 1717 737 1756; x_wconf 84' lang='lat' dir='ltr'>innovationum</span> <span class='ocrx_word' id='word_1_117' title='bbox 781 1716 1042 1756; x_wconf 86' lang='lat' dir='ltr'>dichotoma.</span> <span class='ocrx_word' id='word_1_118' title='bbox 1109 1716 1412 1756; x_wconf 87' lang='lat' dir='ltr'>Innovationes</span> <span class='ocrx_word' id='word_1_119' title='bbox 1462 1731 1515 1757; x_wconf 83' lang='lat' dir='ltr'>ex</span> <span class='ocrx_word' id='word_1_120' title='bbox 1565 1718 1754 1769; x_wconf 85' lang='lat' dir='ltr'>pluribus</span> <span class='ocrx_word' id='word_1_121' title='bbox 1802 1721 1924 1761; x_wconf 86' lang='lat' dir='ltr'>inter-</span> 
     </span>
     <span class='ocr_line' id='line_1_20' title="bbox 412 1794 1920 1847; baseline 0.003 -15"><span class='ocrx_word' id='word_1_122' title='bbox 412 1794 552 1833; x_wconf 89' lang='lat' dir='ltr'>nodiis</span> <span class='ocrx_word' id='word_1_123' title='bbox 592 1794 868 1845; x_wconf 82' lang='lat' dir='ltr'>compositae,</span> <span class='ocrx_word' id='word_1_124' title='bbox 920 1800 1074 1845; x_wconf 72' lang='lat' dir='ltr'>praeter</span> <span class='ocrx_word' id='word_1_125' title='bbox 1106 1807 1248 1833; x_wconf 87' lang='lat' dir='ltr'>ramos</span> <span class='ocrx_word' id='word_1_126' title='bbox 1296 1807 1351 1833; x_wconf 82' lang='lat' dir='ltr'>ex</span> <span class='ocrx_word' id='word_1_127' title='bbox 1391 1795 1528 1833; x_wconf 79' lang='lat' dir='ltr'>axillis</span> <span class='ocrx_word' id='word_1_128' title='bbox 1569 1796 1681 1847; x_wconf 88' lang='lat' dir='ltr'>paris</span> <span class='ocrx_word' id='word_1_129' title='bbox 1724 1796 1920 1838; x_wconf 86' lang='lat' dir='ltr'>foliorum</span> 
     </span>
     <span class='ocr_line' id='line_1_21' title="bbox 411 1871 1921 1925; baseline 0.003 -14"><span class='ocrx_word' id='word_1_130' title='bbox 411 1871 597 1923; x_wconf 81' lang='lat' dir='ltr'>supremi</span> <span class='ocrx_word' id='word_1_131' title='bbox 648 1871 859 1910; x_wconf 89' lang='lat' dir='ltr'>interdum</span> <span class='ocrx_word' id='word_1_132' title='bbox 912 1883 1054 1910; x_wconf 87' lang='lat' dir='ltr'>ramos</span> <span class='ocrx_word' id='word_1_133' title='bbox 1094 1884 1148 1910; x_wconf 85' lang='lat' dir='ltr'>ex</span> <span class='ocrx_word' id='word_1_134' title='bbox 1197 1871 1334 1910; x_wconf 75' lang='lat' dir='ltr'>axillis</span> <span class='ocrx_word' id='word_1_135' title='bbox 1376 1872 1665 1923; x_wconf 87' lang='lat' dir='ltr'>superioribus</span> <span class='ocrx_word' id='word_1_136' title='bbox 1710 1881 1921 1925; x_wconf 73' lang='lat' dir='ltr'>gerentes.</span> 
     </span>
     <span class='ocr_line' id='line_1_22' title="bbox 410 1948 1920 2001; baseline 0.003 -14"><span class='ocrx_word' id='word_1_137' title='bbox 410 1948 535 1988; x_wconf 88' lang='lat' dir='ltr'>Rami</span> <span class='ocrx_word' id='word_1_138' title='bbox 584 1955 739 1987; x_wconf 87' lang='lat' dir='ltr'>teretes</span> <span class='ocrx_word' id='word_1_139' title='bbox 788 1948 935 2000; x_wconf 80' lang='lat' dir='ltr'>glabri,</span> <span class='ocrx_word' id='word_1_140' title='bbox 987 1948 1140 1987; x_wconf 83' lang='lat' dir='ltr'>novelli</span> <span class='ocrx_word' id='word_1_141' title='bbox 1189 1949 1439 1988; x_wconf 85' lang='lat' dir='ltr'>internodiis</span> <span class='ocrx_word' id='word_1_142' title='bbox 1481 1950 1734 2001; x_wconf 86' lang='lat' dir='ltr'>applanatis.</span> <span class='ocrx_word' id='word_1_143' title='bbox 1800 1952 1920 1992; x_wconf 86' lang='lat' dir='ltr'>Folia</span> 
     </span>
     <span class='ocr_line' id='line_1_23' title="bbox 409 2025 1920 2078; baseline 0.003 -13"><span class='ocrx_word' id='word_1_144' title='bbox 409 2026 611 2078; x_wconf 85' lang='lat' dir='ltr'>opposita</span> <span class='ocrx_word' id='word_1_145' title='bbox 644 2025 804 2078; x_wconf 88' lang='lat' dir='ltr'>glabra,</span> <span class='ocrx_word' id='word_1_146' title='bbox 840 2025 1044 2077; x_wconf 88' lang='lat' dir='ltr'>petiolata</span> <span class='ocrx_word' id='word_1_147' title='bbox 1078 2025 1238 2077; x_wconf 89' lang='lat' dir='ltr'>petiolo</span> <span class='ocrx_word' id='word_1_148' title='bbox 1265 2026 1400 2073; x_wconf 87' lang='lat' dir='ltr'>tereti,</span> <span class='ocrx_word' id='word_1_149' title='bbox 1435 2040 1563 2078; x_wconf 88' lang='lat' dir='ltr'>supra</span> <span class='ocrx_word' id='word_1_150' title='bbox 1596 2027 1808 2078; x_wconf 86' lang='lat' dir='ltr'>profunde</span> <span class='ocrx_word' id='word_1_151' title='bbox 1841 2030 1920 2069; x_wconf 89' lang='lat' dir='ltr'>sul-</span> 
     </span>
     <span class='ocr_line' id='line_1_24' title="bbox 408 2099 1919 2156; baseline 0.003 -14"><span class='ocrx_word' id='word_1_152' title='bbox 408 2109 505 2142; x_wconf 89' lang='lat' dir='ltr'>cato</span> <span class='ocrx_word' id='word_1_153' title='bbox 539 2101 588 2153; x_wconf 82' lang='lat' dir='ltr'>(c.</span> <span class='ocrx_word' id='word_1_154' title='bbox 625 2103 739 2153; x_wconf 78' lang='lat'>6—-9</span> <span class='ocrx_word' id='word_1_155' title='bbox 773 2116 873 2142; x_wconf 90' lang='lat' dir='ltr'>mm.</span> <span class='ocrx_word' id='word_1_156' title='bbox 916 2099 1000 2154; x_wconf 80' lang='lat' dir='ltr'>lg),</span> <span class='ocrx_word' id='word_1_157' title='bbox 1050 2102 1467 2155; x_wconf 84' lang='lat' dir='ltr'>obovato-oblonga,</span> <span class='ocrx_word' id='word_1_158' title='bbox 1518 2104 1708 2156; x_wconf 86' lang='lat' dir='ltr'>oblonga</span> <span class='ocrx_word' id='word_1_159' title='bbox 1747 2106 1812 2145; x_wconf 87' lang='lat' dir='ltr'>vel</span> <span class='ocrx_word' id='word_1_160' title='bbox 1846 2106 1919 2146; x_wconf 89' lang='lat' dir='ltr'>ob-</span> 
     </span>
     <span class='ocr_line' id='line_1_25' title="bbox 407 2180 1917 2234; baseline 0.002 -15"><span class='ocrx_word' id='word_1_161' title='bbox 407 2180 805 2232; x_wconf 88' lang='lat' dir='ltr'>longo-lanceolata,</span> <span class='ocrx_word' id='word_1_162' title='bbox 841 2180 932 2218; x_wconf 87' lang='lat' dir='ltr'>basi</span> <span class='ocrx_word' id='word_1_163' title='bbox 963 2180 1003 2218; x_wconf 92' lang='lat' dir='ltr'>in</span> <span class='ocrx_word' id='word_1_164' title='bbox 1032 2180 1237 2231; x_wconf 88' lang='lat' dir='ltr'>petiolum</span> <span class='ocrx_word' id='word_1_165' title='bbox 1267 2186 1498 2228; x_wconf 83' lang='lat' dir='ltr'>attenuata,</span> <span class='ocrx_word' id='word_1_166' title='bbox 1534 2181 1656 2232; x_wconf 89' lang='lat' dir='ltr'>apice</span> <span class='ocrx_word' id='word_1_167' title='bbox 1679 2183 1917 2234; x_wconf 83' lang='lat' dir='ltr'>saepissime</span> 
     </span>
     <span class='ocr_line' id='line_1_26' title="bbox 406 2257 1914 2309; baseline 0.002 -13"><span class='ocrx_word' id='word_1_168' title='bbox 406 2258 575 2309; x_wconf 89' lang='lat' dir='ltr'>longius</span> <span class='ocrx_word' id='word_1_169' title='bbox 608 2258 673 2296; x_wconf 87' lang='lat' dir='ltr'>vel</span> <span class='ocrx_word' id='word_1_170' title='bbox 697 2257 881 2296; x_wconf 85' lang='lat' dir='ltr'>breviter</span> <span class='ocrx_word' id='word_1_171' title='bbox 903 2257 1146 2296; x_wconf 86' lang='lat' dir='ltr'>acuminata</span> <span class='ocrx_word' id='word_1_172' title='bbox 1169 2257 1342 2304; x_wconf 84' lang='lat' dir='ltr'>obtusa,</span> <span class='ocrx_word' id='word_1_173' title='bbox 1377 2257 1442 2296; x_wconf 90' lang='lat' dir='ltr'>vel</span> <span class='ocrx_word' id='word_1_174' title='bbox 1476 2259 1608 2297; x_wconf 91' lang='lat' dir='ltr'>rarius</span> <span class='ocrx_word' id='word_1_175' title='bbox 1641 2260 1914 2308; x_wconf 82' lang='lat' dir='ltr'>acutiuscula,</span> 
     </span>
     <span class='ocr_line' id='line_1_27' title="bbox 406 2334 1915 2388; baseline 0.003 -15"><span class='ocrx_word' id='word_1_176' title='bbox 406 2341 588 2386; x_wconf 76' lang='lat' dir='ltr'>anguste</span> <span class='ocrx_word' id='word_1_177' title='bbox 621 2335 878 2386; x_wconf 78' lang='lat' dir='ltr'>marginata,</span> <span class='ocrx_word' id='word_1_178' title='bbox 929 2334 1120 2385; x_wconf 88' lang='lat' dir='ltr'>margine</span> <span class='ocrx_word' id='word_1_179' title='bbox 1161 2334 1370 2382; x_wconf 88' lang='lat' dir='ltr'>revoluta,</span> <span class='ocrx_word' id='word_1_180' title='bbox 1420 2335 1632 2387; x_wconf 85' lang='lat' dir='ltr'>glandulis</span> <span class='ocrx_word' id='word_1_181' title='bbox 1681 2336 1915 2388; x_wconf 88' lang='lat' dir='ltr'>majoribus</span> 
     </span>
     <span class='ocr_line' id='line_1_28' title="bbox 406 2410 1916 2465; baseline 0.002 -15"><span class='ocrx_word' id='word_1_182' title='bbox 406 2411 727 2464; x_wconf 84' lang='lat' dir='ltr'>minoribusque</span> <span class='ocrx_word' id='word_1_183' title='bbox 761 2411 1210 2463; x_wconf 64' lang='lat' dir='ltr'>pellucido-punctam,</span> <span class='ocrx_word' id='word_1_184' title='bbox 1247 2412 1471 2451; x_wconf 85' lang='lat' dir='ltr'>chartacea</span> <span class='ocrx_word' id='word_1_185' title='bbox 1510 2410 1681 2461; x_wconf 86' lang='lat' dir='ltr'>(lamina</span> <span class='ocrx_word' id='word_1_186' title='bbox 1713 2427 1748 2453; x_wconf 87' lang='lat' dir='ltr'>c.</span> <span class='ocrx_word' id='word_1_187' title='bbox 1788 2423 1916 2465; x_wconf 79' lang='lat'>5,5—</span> 
     </span>
     <span class='ocr_line' id='line_1_29' title="bbox 405 2487 1915 2541; baseline 0.002 -14"><span class='ocrx_word' id='word_1_188' title='bbox 405 2497 561 2539; x_wconf 72' lang='lat'>—10,5</span> <span class='ocrx_word' id='word_1_189' title='bbox 599 2495 697 2528; x_wconf 87' lang='lat' dir='ltr'>ctm.</span> <span class='ocrx_word' id='word_1_190' title='bbox 748 2488 802 2540; x_wconf 90' lang='lat' dir='ltr'>lg.</span> <span class='ocrx_word' id='word_1_191' title='bbox 854 2496 894 2528; x_wconf 87' lang='lat' dir='ltr'>et</span> <span class='ocrx_word' id='word_1_192' title='bbox 934 2502 967 2528; x_wconf 81' lang='lat' dir='ltr'>e.</span> <span class='ocrx_word' id='word_1_193' title='bbox 1010 2497 1161 2539; x_wconf 82' lang='lat'>1‚5—3</span> <span class='ocrx_word' id='word_1_194' title='bbox 1197 2496 1295 2528; x_wconf 90' lang='lat' dir='ltr'>ctm.</span> <span class='ocrx_word' id='word_1_195' title='bbox 1338 2487 1415 2537; x_wconf 86' lang='lat' dir='ltr'>lt.)‚</span> <span class='ocrx_word' id='word_1_196' title='bbox 1466 2503 1594 2541; x_wconf 88' lang='lat' dir='ltr'>supra</span> <span class='ocrx_word' id='word_1_197' title='bbox 1641 2490 1915 2531; x_wconf 86' lang='lat' dir='ltr'>subtilissime</span> 
     </span>
     <span class='ocr_line' id='line_1_30' title="bbox 405 2566 1914 2618; baseline 0.002 -13"><span class='ocrx_word' id='word_1_198' title='bbox 405 2566 624 2617; x_wconf 82' lang='lat' dir='ltr'>denseque</span> <span class='ocrx_word' id='word_1_199' title='bbox 657 2566 1104 2617; x_wconf 70' lang='lat' dir='ltr'>impresso-punctam,</span> <span class='ocrx_word' id='word_1_200' title='bbox 1148 2579 1280 2605; x_wconf 88' lang='lat' dir='ltr'>nervo</span> <span class='ocrx_word' id='word_1_201' title='bbox 1315 2566 1457 2605; x_wconf 91' lang='lat' dir='ltr'>medio</span> <span class='ocrx_word' id='word_1_202' title='bbox 1492 2567 1746 2618; x_wconf 89' lang='lat' dir='ltr'>prominulo,</span> <span class='ocrx_word' id='word_1_203' title='bbox 1795 2569 1914 2608; x_wconf 87' lang='lat' dir='ltr'>venis</span> 
     </span>
     <span class='ocr_line' id='line_1_31' title="bbox 404 2642 1913 2695; baseline 0.002 -14"><span class='ocrx_word' id='word_1_204' title='bbox 404 2642 652 2694; x_wconf 85' lang='lat' dir='ltr'>venulisque</span> <span class='ocrx_word' id='word_1_205' title='bbox 685 2642 899 2682; x_wconf 86' lang='lat' dir='ltr'>levissime</span> <span class='ocrx_word' id='word_1_206' title='bbox 932 2643 1119 2689; x_wconf 83' lang='lat' dir='ltr'>elevatis,</span> <span class='ocrx_word' id='word_1_207' title='bbox 1154 2643 1305 2682; x_wconf 86' lang='lat' dir='ltr'>subtus</span> <span class='ocrx_word' id='word_1_208' title='bbox 1338 2643 1739 2695; x_wconf 67' lang='lat' dir='ltr'>elevato-punctam,</span> <span class='ocrx_word' id='word_1_209' title='bbox 1781 2659 1913 2684; x_wconf 85' lang='lat' dir='ltr'>nervo</span> 
     </span>
     <span class='ocr_line' id='line_1_32' title="bbox 403 2720 1913 2774; baseline 0.002 -16"><span class='ocrx_word' id='word_1_210' title='bbox 403 2720 546 2759; x_wconf 91' lang='lat' dir='ltr'>medio</span> <span class='ocrx_word' id='word_1_211' title='bbox 581 2720 862 2771; x_wconf 86' lang='lat' dir='ltr'>prominente,</span> <span class='ocrx_word' id='word_1_212' title='bbox 898 2720 1016 2759; x_wconf 88' lang='lat' dir='ltr'>venis</span> <span class='ocrx_word' id='word_1_213' title='bbox 1050 2726 1230 2771; x_wconf 89' lang='lat' dir='ltr'>utroque</span> <span class='ocrx_word' id='word_1_214' title='bbox 1263 2720 1392 2759; x_wconf 87' lang='lat' dir='ltr'>latere</span> <span class='ocrx_word' id='word_1_215' title='bbox 1416 2733 1449 2760; x_wconf 88' lang='lat' dir='ltr'>c.</span> <span class='ocrx_word' id='word_1_216' title='bbox 1473 2731 1642 2772; x_wconf 85' lang='lat'>20—-25</span> <span class='ocrx_word' id='word_1_217' title='bbox 1664 2722 1913 2774; x_wconf 87' lang='lat' dir='ltr'>venulisque</span> 
     </span>
     <span class='ocr_line' id='line_1_33' title="bbox 402 2796 1908 2849; baseline 0.001 -13"><span class='ocrx_word' id='word_1_218' title='bbox 402 2796 633 2848; x_wconf 82' lang='lat' dir='ltr'>interjectis</span> <span class='ocrx_word' id='word_1_219' title='bbox 682 2803 723 2836; x_wconf 89' lang='lat' dir='ltr'>et</span> <span class='ocrx_word' id='word_1_220' title='bbox 757 2810 865 2836; x_wconf 85' lang='lat' dir='ltr'>vena</span> <span class='ocrx_word' id='word_1_221' title='bbox 899 2797 1134 2849; x_wconf 87' lang='lat' dir='ltr'>marginali,</span> <span class='ocrx_word' id='word_1_222' title='bbox 1169 2810 1193 2835; x_wconf 90' lang='lat' dir='ltr'>a</span> <span class='ocrx_word' id='word_1_223' title='bbox 1226 2798 1418 2848; x_wconf 88' lang='lat' dir='ltr'>margine</span> <span class='ocrx_word' id='word_1_224' title='bbox 1466 2811 1500 2838; x_wconf 90' lang='lat' dir='ltr'>c.</span> <span class='ocrx_word' id='word_1_225' title='bbox 1543 2809 1555 2837; x_wconf 93' lang='lat'>1</span> <span class='ocrx_word' id='word_1_226' title='bbox 1596 2812 1695 2838; x_wconf 89' lang='lat' dir='ltr'>mm.</span> <span class='ocrx_word' id='word_1_227' title='bbox 1732 2805 1908 2845; x_wconf 86' lang='lat' dir='ltr'>remota,</span> 
     </span>
     <span class='ocr_line' id='line_1_34' title="bbox 401 2874 1908 2927; baseline 0.001 -15"><span class='ocrx_word' id='word_1_228' title='bbox 401 2874 588 2913; x_wconf 86' lang='lat' dir='ltr'>elevatis.</span> <span class='ocrx_word' id='word_1_229' title='bbox 655 2874 859 2913; x_wconf 88' lang='lat' dir='ltr'>Dichasia</span> <span class='ocrx_word' id='word_1_230' title='bbox 883 2874 1061 2913; x_wconf 85' lang='lat' dir='ltr'>uniflora</span> <span class='ocrx_word' id='word_1_231' title='bbox 1093 2874 1367 2925; x_wconf 86' lang='lat' dir='ltr'>pedunculati</span> <span class='ocrx_word' id='word_1_232' title='bbox 1392 2875 1637 2926; x_wconf 88' lang='lat' dir='ltr'>pedunculo</span> <span class='ocrx_word' id='word_1_233' title='bbox 1662 2875 1908 2927; x_wconf 86' lang='lat' dir='ltr'>applanato,</span> 
     </span>
     <span class='ocr_line' id='line_1_35' title="bbox 401 2948 1908 3003; baseline 0.001 -14"><span class='ocrx_word' id='word_1_234' title='bbox 401 2950 551 3003; x_wconf 85' lang='lat' dir='ltr'>glabro</span> <span class='ocrx_word' id='word_1_235' title='bbox 586 2948 634 2999; x_wconf 90' lang='lat' dir='ltr'>(c.</span> <span class='ocrx_word' id='word_1_236' title='bbox 674 2952 784 3000; x_wconf 79' lang='lat'>3——8</span> <span class='ocrx_word' id='word_1_237' title='bbox 811 2964 910 2990; x_wconf 90' lang='lat' dir='ltr'>mm.</span> <span class='ocrx_word' id='word_1_238' title='bbox 946 2948 1017 3002; x_wconf 89' lang='lat' dir='ltr'>lg.)</span> <span class='ocrx_word' id='word_1_239' title='bbox 1067 2951 1106 2989; x_wconf 89' lang='lat' dir='ltr'>in</span> <span class='ocrx_word' id='word_1_240' title='bbox 1156 2950 1478 2990; x_wconf 83' lang='lat' dir='ltr'>inflorescentiis</span> <span class='ocrx_word' id='word_1_241' title='bbox 1527 2952 1712 2991; x_wconf 89' lang='lat' dir='ltr'>umbelli-</span> <span class='ocrx_word' id='word_1_242' title='bbox 1744 2952 1809 2991; x_wconf 86' lang='lat' dir='ltr'>vel</span> <span class='ocrx_word' id='word_1_243' title='bbox 1843 2966 1908 2991; x_wconf 91' lang='lat' dir='ltr'>co-</span> 
     </span>
     <span class='ocr_line' id='line_1_36' title="bbox 400 3026 1908 3080; baseline 0.001 -14"><span class='ocrx_word' id='word_1_244' title='bbox 400 3026 766 3078; x_wconf 90' lang='lat' dir='ltr'>rymbi-formibus</span> <span class='ocrx_word' id='word_1_245' title='bbox 799 3027 865 3067; x_wconf 75' lang='lat' dir='ltr'>vel</span> <span class='ocrx_word' id='word_1_246' title='bbox 899 3027 1265 3067; x_wconf 86' lang='lat' dir='ltr'>racemiformibus</span> <span class='ocrx_word' id='word_1_247' title='bbox 1297 3029 1367 3067; x_wconf 85' lang='lat' dir='ltr'>axi</span> <span class='ocrx_word' id='word_1_248' title='bbox 1401 3028 1549 3080; x_wconf 85' lang='lat' dir='ltr'>glabra</span> <span class='ocrx_word' id='word_1_249' title='bbox 1582 3035 1623 3068; x_wconf 89' lang='lat' dir='ltr'>et</span> <span class='ocrx_word' id='word_1_250' title='bbox 1646 3028 1748 3068; x_wconf 85' lang='lat' dir='ltr'>flore</span> <span class='ocrx_word' id='word_1_251' title='bbox 1771 3029 1908 3068; x_wconf 85' lang='lat' dir='ltr'>termi-</span> 
     </span>
     <span class='ocr_line' id='line_1_37' title="bbox 401 3104 1906 3153; baseline 0.001 -10"><span class='ocrx_word' id='word_1_252' title='bbox 401 3104 481 3143; x_wconf 88' lang='lat' dir='ltr'>nali</span> <span class='ocrx_word' id='word_1_253' title='bbox 513 3117 566 3143; x_wconf 87' lang='lat' dir='ltr'>ex</span> <span class='ocrx_word' id='word_1_254' title='bbox 602 3104 738 3143; x_wconf 80' lang='lat' dir='ltr'>axillis</span> <span class='ocrx_word' id='word_1_255' title='bbox 773 3104 968 3143; x_wconf 89' lang='lat' dir='ltr'>foliorum</span> <span class='ocrx_word' id='word_1_256' title='bbox 1000 3105 1221 3144; x_wconf 88' lang='lat' dir='ltr'>collocata.</span> <span class='ocrx_word' id='word_1_257' title='bbox 1275 3105 1467 3144; x_wconf 80' lang='lat' dir='ltr'>Bracteae</span> <span class='ocrx_word' id='word_1_258' title='bbox 1485 3112 1638 3153; x_wconf 79' lang='lat' dir='ltr'>ovatae,</span> <span class='ocrx_word' id='word_1_259' title='bbox 1665 3105 1906 3144; x_wconf 82' lang='lat' dir='ltr'>rotundatae</span> 
     </span>
    </p>
   </div>
  </div>
 </body>
</html>
