2116 3447
1218 177 1273 225 46

491 318 726 357 chartaceis
781 318 847 357 vel
905 319 1262 363 membranaceis,
1320 320 1480 358 minute
1535 320 1992 372 pellucido-punctatis,

492 395 691 447 oblongis
714 395 780 434 vel
803 395 1272 447 oblongo-lanceolatis,
1308 396 1373 435 vel
1392 396 1739 449 ovato-oblongis
1757 397 1822 436 vel
1846 399 1996 444 ovatis,

492 473 583 522 basi
617 473 874 520 rotundatis,
924 473 1136 512 levissime
1179 473 1449 512 subcordatis
1482 473 1548 512 vel
1581 474 1772 524 margine
1806 475 1998 514 revoluto

492 550 733 597 attenuatis,
765 550 886 602 apice
910 551 1174 597 acuminatis,
1201 551 1353 599 acutis;
1389 551 1590 589 dichasiis
1614 550 1800 590 unifloris
1824 552 1864 590 in
1888 552 1998 603 capi—

490 626 588 666 tulis
622 626 794 675 bifloris,
831 627 1076 667 axillaribus
1110 628 1348 676 collocatis;
1382 628 1606 667 alabastris
1637 628 1768 667 dense
1796 629 2000 681 adpresse

491 704 664 756 hispido
683 704 1031 756 pubescentibus,
1067 706 1258 757 germine
1293 705 1609 755 2—3-loculari.

611 782 943 833 Descriptio:
1008 782 1133 821 Rami
1161 788 1316 821 teretes
1341 779 1510 832 (novelli
1536 779 1781 834 applanati)‚
1814 782 1999 834 hispido—

491 858 790 911 pubescentes.
856 859 1161 899 Innovationes
1195 859 1348 899 novelli
1382 860 1473 898 basi
1507 859 1752 911 cataphylla
1787 859 1906 911 plura
1928 860 2000 898 im-

492 936 654 975 bricata
686 936 1059 988 strigoso-hispida
1092 943 1310 989 gerentes,
1352 950 1448 989 quae
1488 937 1699 976 interdum
1740 949 1815 988 per
1847 936 2000 975 multas

492 1013 651 1053 formas
710 1013 984 1053 intermedias
1046 1014 1087 1053 in
1155 1014 1355 1066 euphylla
1416 1027 1516 1053 vera
1568 1014 1789 1053 transiunt.
1880 1013 2001 1053 Folia

490 1092 710 1143 opposita,
776 1091 980 1143 petiolata
1039 1091 1199 1143 petiolo
1257 1091 1400 1138 tereti,
1463 1091 1999 1143 subhispido-pubescenti

488 1166 539 1219 (c.
575 1178 689 1220 4-—7
714 1182 814 1208 mm.
849 1165 934 1220 lg),
969 1168 1159 1220 oblonga
1192 1168 1258 1208 vel
1291 1168 1737 1220 oblongo-lanceolata
1771 1168 1836 1207 vel
1870 1168 2000 1207 rarius

488 1245 727 1285 lanceolata
759 1246 824 1286 vel
858 1252 987 1285 ovata
1019 1246 1085 1285 vel
1118 1246 1475 1298 ovato-oblonga,
1525 1245 1617 1285 basi
1651 1246 1898 1293 rotundam,
1947 1245 1999 1285 le-

489 1323 662 1362 vissime
694 1323 972 1371 subcordata,
1028 1323 1094 1362 vel
1137 1323 1328 1375 margine
1362 1323 1555 1362 revoluto
1589 1329 1827 1370 attenuata,
1878 1323 1999 1374 apice

490 1401 585 1453 plus
625 1401 819 1440 minusve
858 1401 1101 1440 acuminata
1143 1407 1285 1447 acuta,
1337 1401 1498 1440 minute
1547 1400 1995 1452 pellucido-punctata,

491 1477 1066 1518 membranaceo-chartacea
1105 1478 1170 1516 vel
1204 1476 1532 1517 membranacea
1580 1476 1751 1528 (lamina
1783 1492 1818 1517 c.
1857 1488 1996 1528 3——13

489 1561 589 1595 ctm.
610 1555 665 1607 lg.
686 1561 728 1594 et
753 1556 951 1605 1,2—3,6
969 1561 1068 1595 ctm.
1089 1552 1161 1604 lt.),
1196 1568 1323 1607 supra
1357 1555 1551 1607 glabrata
1584 1554 1768 1604 (novella
1801 1555 1895 1607 pilis
1929 1555 1998 1593 ad-

490 1633 647 1684 pressis
674 1632 953 1684 pubescentia
982 1632 1048 1672 vel
1071 1631 1413 1683 glabrescentia),
1448 1646 1579 1671 nervo
1610 1633 1753 1672 medio
1788 1633 1997 1683 impresso

489 1710 555 1749 vel
574 1709 823 1749 subelevato
842 1709 1379 1762 subhispido-pubescenti,
1401 1710 1518 1749 venis
1535 1710 1782 1761 venulisque
1800 1709 1997 1748 tenuibus

487 1787 701 1827 levissime
725 1787 911 1832 elevatis,
937 1787 1086 1826 subtus
1110 1787 1203 1838 pilis
1227 1787 1524 1839 subadpressis
1548 1787 1994 1838 piloso-pubescentia,

489 1878 620 1904 nervo
640 1864 782 1903 medio
807 1865 1087 1915 prominente,
1114 1864 1650 1916 subhispido-pubescenti,
1680 1864 1798 1903 venis
1817 1869 1996 1915 utroque

488 1942 618 1981 latere
657 1955 691 1981 c.
734 1950 899 1992 15F25
936 1941 1186 1993 venulisque
1219 1941 1449 1993 interjectis
1495 1948 1537 1981 et
1576 1954 1685 1981 vena
1718 1941 1938 1992 marginali
1973 1953 1996 1979 a

489 2019 680 2071 margine
728 2033 762 2058 c.
806 2030 817 2057 Ι
863 2032 963 2058 mm.
1015 2024 1178 2058 remota
1226 2018 1412 2058 elevatis.
1480 2019 1681 2058 Dichasia
1728 2018 1907 2057 uniflora
1955 2018 1994 2057 in

487 2096 684 2148 capitulis
732 2095 892 2135 bifloris
940 2096 1185 2135 axillaribus
1234 2096 1453 2134 collocata.
1519 2095 1710 2134 Bracteae
1749 2101 1889 2134 ovatae
1923 2095 1995 2134 ob-

488 2179 596 2213 tusae
629 2173 1105 2225 hispido-pubescentes
1130 2170 1179 2220 (c.
1202 2184 1224 2212 2
1245 2186 1345 2212 mm.
1366 2170 1449 2224 lg).
1516 2172 1751 2212 Bracteolae
1776 2172 1858 2211 late
1883 2172 1979 2224 ellip

486 2251 584 2290 ticae
602 2250 700 2289 hinc
718 2257 959 2290 extrorsum
979 2250 1073 2302 plus
1092 2250 1285 2289 minusve
1303 2256 1500 2289 connatae
1520 2249 1994 2301 hispido-pubescentes

487 2325 537 2377 (c.
590 2338 611 2378 3
654 2341 753 2366 mm.
804 2325 888 2379 lg).
967 2327 1198 2366 Alabastra
1245 2327 1377 2366 dense
1425 2327 1628 2378 adpresse
1676 2326 1980 2378 hispido-pube

488 2405 650 2444 scentia
683 2402 732 2455 (c.
753 2417 779 2454 4
799 2419 897 2444 mm.
924 2402 994 2456 lg.)
1033 2404 1188 2456 sepalis
1221 2416 1247 2453 4
1280 2404 1481 2443 brevibus
1515 2404 1752 2442 rotundatis
1786 2403 1991 2442 connatis.

490 2482 636 2521 Flores
678 2482 858 2521 sessiles.
940 2481 1077 2532 Calyx
1117 2481 1454 2533 quadri-lobatus
1497 2494 1593 2520 cum
1629 2480 1866 2532 hypanthio
1901 2480 1994 2532 plus

489 2560 683 2598 minusve
716 2559 990 2611 quadrifidus.
1070 2559 1212 2598 Petala
1245 2571 1271 2608 4
1305 2565 1432 2597 ovata
1466 2558 1620 2597 obtusa
1653 2557 1717 2596 vel
1751 2558 1991 2604 rotundata,

490 2636 639 2675 subtus
672 2636 962 2687 pubescentia,
998 2649 1125 2687 supra
1159 2636 1317 2687 glabra.
1384 2634 1577 2674 Stamina
1595 2634 1743 2686 glabra
1776 2631 1825 2681 (c.
1851 2642 1868 2684 5
1892 2647 1990 2672 mm.

490 2710 573 2764 lg).
654 2712 840 2752 Germen
886 2712 1201 2763 2——3-loculare
1241 2712 1388 2751 loculis
1421 2711 1659 2750 biovulatis.
1743 2709 1889 2761 Stylus
1924 2711 1992 2749 ad-

490 2803 635 2841 presse
668 2790 1096 2841 hispido—pubescens
1130 2803 1275 2828 versus
1299 2789 1463 2840 apicem
1489 2788 1636 2840 glaber
1668 2785 1717 2837 (c.
1742 2798 1764 2838 7
1787 2801 1885 2826 mm.
1908 2786 1990 2839 lg.).

490 2866 630 2905 Bacca
663 2865 920 2917 pyriformis,
956 2880 1079 2918 paene
1107 2866 1268 2917 glabra,
1304 2866 1394 2904 basi
1419 2865 1644 2904 bracteolis
1668 2865 1835 2916 stipata,
1872 2865 1993 2916 apice

489 2943 685 2982 cicatrice
733 2943 944 2981 circularis
983 2943 1206 2994 hypanthii
1246 2942 1408 2993 delapsi
1449 2948 1664 2981 coronata.
1747 2941 1887 2980 Bacca
1920 2942 1991 2980 im-

490 3025 656 3058 matura
688 3020 851 3058 semina
884 3033 968 3058 non
1003 3020 1184 3059 evoluta.

610 3108 661 3137 Ad
689 3109 827 3148 Lagoa
855 3109 983 3137 Santa
1022 3108 1053 3137 in
1083 3108 1183 3138 silvis.
1237 3108 1421 3138 Arbuscula
1462 3114 1578 3138 trunco
1617 3107 1705 3137 tenui
1734 3107 1990 3145 elongatissimo
