2116 3447
1143 195 1315 253 43-

463 348 545 387 que
578 335 843 381 acuminatis
889 335 1053 373 obtusis
1084 336 1149 375 vel
1180 335 1499 383 obtusiusculis;
1550 336 1748 375 dichasiis
1780 336 1968 376 unifloris

426 439 427 442 =
459 413 499 451 in
525 412 766 463 corymbis,
795 412 990 451 umbellis
1015 412 1081 451 vel
1100 413 1231 451 rarius
1250 412 1444 464 capitulis
1466 412 1707 464 paucifloris
1725 413 1964 465 dispositis;

459 489 681 528 alabastris
705 489 959 528 obovoideis
984 489 1486 537 ochraceo-tomentosis3
1521 490 1712 541 germine
1738 490 1965 530 2-loculari.

580 566 901 617 Descriptio:
968 565 1091 604 Rami
1122 572 1276 605 teretes
1301 566 1631 617 glaboescentes,
1669 567 1821 606 novelli
1846 567 1968 606 inter-

461 643 600 682 nodiis
666 643 760 695 plus
818 643 1012 682 minusve
1065 643 1305 695 applanatis
1361 643 1659 695 pubescentes.
1744 643 1865 683 Folia
1911 644 1970 683 bi-

459 720 656 767 triennia,
708 720 909 771 opposita
951 720 1016 759 vel
1055 720 1361 772 subopposita,
1408 720 1612 772 petiolata
1657 720 1818 772 petiolo
1851 721 1972 760 semi-

458 798 578 837 tereti
627 797 838 836 interdum
884 810 1012 849 supra
1054 797 1236 844 sulcato,
1287 797 1536 849 pubescenti
1578 797 1643 836 vel
1683 797 1968 849 glabrescenti

461 872 510 924 (c.
546 875 691 914 6—10
726 887 825 913 mm.
861 871 946 926 19),
996 874 1179 926 elliptica
1219 874 1284 913 vel
1328 874 1535 926 oblonga,
1586 874 1676 913 basi
1710 874 1895 913 breviter
1927 875 1968 913 in

461 951 667 1004 petiolum
692 957 923 999 attenuata,
959 951 1080 1003 apice
1110 951 1294 990 breviter
1329 952 1595 1003 abrupteque
1627 952 1869 990 acuminata
1899 951 1971 990 ob-

458 1035 554 1068 tusa
602 1029 667 1068 vel
717 1028 1026 1075 obtusiuscula,
1084 1042 1169 1067 non
1218 1028 1431 1080 pellucido
1450 1035 1671 1080 punctata,
1728 1028 1971 1067 chartaceo-

460 1107 653 1145 coriacea
687 1103 857 1155 (lamina
890 1119 924 1144 c.
961 1116 1074 1157 4—7
1100 1111 1197 1144 ctm.
1234 1106 1288 1157 lg.
1325 1111 1366 1144 et
1399 1119 1432 1144 c.
1462 1116 1571 1155 2—3
1598 1112 1696 1145 ctm.
1732 1105 1803 1155 lt.),
1839 1118 1968 1157 supra

459 1183 687 1230 subnitida,
723 1183 960 1234 saepissime
983 1183 1428 1235 impresso-punctam,
1463 1183 1624 1234 glabra,
1660 1196 1791 1222 nervo
1823 1182 1967 1221 medio

459 1261 668 1312 impresso
704 1261 744 1299 in
778 1259 974 1299 inferiore
1008 1266 1127 1312 parte
1161 1260 1397 1312 saepissime
1437 1259 1708 1311 pubescenti,
1751 1260 1869 1299 venis
1902 1273 1969 1298 ve-

460 1338 652 1389 nulisque
686 1337 833 1389 paucis
866 1337 1124 1376 subelevatis
1153 1337 1218 1376 vel
1242 1350 1366 1389 paene
1389 1337 1607 1384 obsoletis,
1642 1337 1792 1375 subtus
1816 1349 1967 1388 opaca,

458 1415 627 1467 pallida,
663 1414 869 1466 glabrata,
896 1414 1063 1453 novella
1087 1414 1642 1466 tomentoso-pubescentia‚
1679 1427 1782 1452 mox
1805 1413 1969 1465 glabre-

458 1493 631 1538 scentia,
662 1505 793 1531 nervo
812 1492 955 1531 medio
974 1492 1255 1543 prominente,
1282 1491 1401 1530 venis
1420 1497 1600 1543 utroque
1618 1491 1747 1530 latere
1765 1504 1799 1530 c.
1823 1501 1966 1542 7—14

457 1569 706 1621 venulisque
739 1569 886 1620 paucis
920 1568 1162 1621 interjectis,
1198 1574 1241 1607 et
1273 1569 1391 1607 venis
1425 1568 1747 1620 marginalibus,
1783 1580 1962 1620 quarum

458 1647 657 1686 interiore
705 1646 839 1685 multo
873 1646 1078 1685 validiore
1123 1659 1148 1685 a
1180 1645 1372 1697 margine
1420 1659 1454 1685 c.
1492 1656 1601 1695 2-3
1639 1658 1738 1684 mm.
1789 1650 1966 1691 remota,

458 1723 605 1763 leviter
638 1723 703 1762 vel
737 1723 950 1762 levissime
984 1723 1157 1762 elevatis
1198 1723 1262 1762 vel
1302 1736 1426 1774 paene
1468 1722 1685 1762 obsoletis.
1766 1721 1969 1761 Dichasia

458 1799 636 1839 uniflora
685 1800 725 1839 in
774 1800 1004 1852 corymbis,
1060 1800 1255 1839 umbellis
1298 1799 1363 1839 vel
1412 1800 1543 1838 rarius
1591 1798 1786 1851 capitulis
1829 1798 1968 1850 pauci-

456 1876 569 1916 floris
620 1891 674 1916 ex
723 1877 859 1916 axillis
908 1877 1233 1916 innovationum
1283 1877 1544 1916 novellarum
1591 1876 1656 1916 vel
1710 1875 1968 1915 adultiorum

456 1954 565 1993 foliis
593 1955 779 2006 delapsis
803 1954 1024 2001 collocata,
1061 1953 1672 1993 fusco-ochraceo-tomentosa
1705 1950 1966 2005 (pedunculo

455 2032 709 2071 brevissimo
758 2031 822 2071 vel
872 2045 1005 2083 usque
1053 2032 1108 2070 ad
1142 2043 1167 2081 4
1202 2044 1301 2070 mm.
1338 2031 1391 2082 lg.
1442 2027 1703 2082 applanato).
1768 2030 1963 2068 Bracteae

458 2114 598 2148 ovatae
634 2108 699 2148 vel
733 2108 996 2156 lanceolatae,
1031 2108 1211 2156 obtusae,
1247 2114 1503 2147 tomentosae
1538 2104 1586 2157 (c.
1614 2117 1719 2157 1——3
1742 2120 1844 2146 mm.
1880 2103 1967 2158 19).

454 2186 689 2225 Bracteolae
723 2185 1122 2225 ovato-lanceolatae
1155 2185 1323 2224 obtusae
1372 2182 1421 2235 (c.
1460 2196 1481 2224 2
1518 2198 1617 2224 mm.
1653 2181 1737 2236 19).
1818 2183 1969 2222 Flores

449 2263 616 2302 sessiles
637 2263 703 2302 vel
722 2276 846 2315 paene
865 2262 1045 2302 sessiles.
1086 2262 1318 2301 Alabastra
1336 2261 1582 2301 obovoidea
1601 2259 1966 2299 fusco-ochraceo-

450 2346 699 2379 tomentosa
749 2340 798 2392 (c.
845 2349 910 2390 3‚5
948 2353 1048 2379 mm.
1099 2338 1183 2391 19).
1265 2338 1564 2390 Hypanthium
1618 2350 1746 2389 supra
1791 2349 1966 2388 germen

452 2417 712 2468 productum
762 2417 902 2456 breve.
969 2416 1107 2468 Calyx
1156 2417 1402 2468 4-partitus,
1452 2415 1561 2454 lobis
1595 2414 1751 2462 ovatis,
1801 2413 1967 2452 obtusis

450 2494 515 2532 vel
541 2494 794 2550 rotundatis.
862 2494 1005 2533 Petala
1023 2505 1049 2543 4
1068 2493 1257 2532 obovata
1281 2493 1441 2545 glabra,
1477 2492 1616 2531 ciliata
1643 2489 1692 2541 (c.
1713 2503 1739 2541 4
1758 2504 1858 2530 mm.
1880 2486 1964 2542 lg.).

451 2569 646 2610 Stamina
678 2570 827 2622 glabra
866 2568 915 2620 (c.
956 2580 974 2621 5
1012 2584 1112 2610 mm.
1148 2567 1232 2622 19).
1299 2569 1485 2609 Germen
1520 2569 1761 2616 biloculare‚
1817 2566 1966 2606 loculis

451 2647 721 2695 bivovulatis,
757 2648 870 2699 stylo
904 2648 1054 2699 glabro
1088 2646 1137 2696 (c.
1177 2656 1240 2698 5,5
1278 2660 1377 2686 mm.
1413 2643 1496 2698 19).

570 2724 803 2764 Rulmclcz'oe
829 2724 1078 2777 glomerata?
1112 2724 1223 2775 Berg
1255 2723 1405 2763 affinis.

570 2813 728 2843 Glaziou:
758 2825 789 2843 n.
818 2813 921 2852 8388.

747 2949 782 2978 B.
835 2945 1162 2979 Infloreseentiae
1189 2945 1437 2988 paniculatae
1475 2946 1547 2985 (Nr.
1581 2942 1669 2984 104).

578 3048 668 3086 104.
734 3036 797 3076 M.
837 3036 1186 3076 Glazioviana
1219 3049 1316 3076 nov.
1351 3049 1465 3088 speC.
1534 3031 1653 3086 [Tab.
1690 3034 1786 3081 XV,
1822 3028 1887 3084 a.].

571 3113 627 3153 M.
665 3113 970 3153 ramificatione
1004 3113 1264 3160 dichotoma‚
1301 3113 1427 3151 ramis
1460 3111 1664 3163 glabratis
1689 3109 1798 3149 foliis
1828 3122 1961 3161 oppo-
