2116 3447
893 182 971 221 109

174 313 279 352 viter
311 312 430 352 hirta.
512 312 668 364 Sepala
708 313 790 352 lata
823 313 1315 364 triangulari-rotundam
1348 315 1558 366 apiculata
1591 317 1676 368 api-

173 389 275 429 culis
299 389 583 437 subbarbatis,
619 396 743 429 extus
773 389 1163 437 ochraceo-villosa‚
1205 390 1315 429 intus
1349 391 1442 442 pilis
1476 392 1676 431 brevibus

174 467 388 518 adpressis
422 467 541 506 hirta.
608 466 750 506 Petala
783 467 990 513 obovata,
1040 479 1230 505 concava
1263 467 1544 518 irregulariter
1577 470 1676 508 den-

172 550 279 590 tata,
329 550 454 583 extus
487 543 1062 589 ochraceo—sericeo—v'illosa,
1113 543 1224 582 intus
1274 543 1439 595 glabra,
1494 547 1678 595 5-nervia

174 619 223 670 (c,
259 621 285 660 6
319 634 418 660 mm.
454 620 507 672 lg.
543 626 585 660 et
621 629 639 671 5
677 634 776 660 mm.
812 620 867 667 lt.r
908 620 961 659 ad
996 620 1116 659 basin
1153 631 1174 659 2
1213 633 1312 659 mm.
1349 618 1419 669 lt.).
1485 620 1678 661 Stamina

175 697 354 749 plurima
388 698 551 737 circiter
585 699 607 737 8
628 711 727 737 mm.
764 697 903 749 longa,
939 697 1125 736 antheris
1155 709 1165 735 Ι
1195 711 1293 736 mm.
1319 697 1469 748 longis.
1532 697 1678 749 Stylus

174 774 395 814 subulatus
439 775 603 814 circiter
648 775 791 814 medio
831 774 1290 826 geniculato-curvatus
1338 774 1429 813 basi
1473 775 1676 826 adpresse

175 851 306 890 hirtus
340 849 390 900 (c.
432 863 444 891 1
485 857 582 891 ctm.
623 850 707 903 lg).

294 928 358 967 M.
390 927 680 968 Condolleanoe
713 927 853 980 (Berg)
887 935 928 968 et
961 928 1025 968 M.
1050 928 1281 967 reticulata&
1300 928 1520 968 Cambess.
1556 942 1681 980 prox-

177 1006 261 1045 ime
294 1005 442 1045 affinis.

295 1083 450 1114 Glaziou:
492 1095 523 1114 n.
553 1083 653 1123 8381,
688 1084 798 1123 10782
832 1080 889 1121 (ad
917 1084 1035 1115 Serra
1063 1084 1113 1114 do
1140 1083 1242 1114 Tieu
1269 1093 1311 1113 m.
1340 1082 1446 1123 April.
1474 1093 1548 1112 cum
1577 1080 1674 1120 flor.)

218 1249 253 1279 B.
305 1246 469 1279 Ramuli
501 1246 592 1280 sine
618 1247 730 1280 linea
755 1247 994 1280 incrassata
1018 1246 1324 1289 interpetiolari
1350 1246 1642 1279 transversali.

798 1309 840 1340 N.
869 1309 1066 1340 261—261.

509 1392 533 1422 Ι.
586 1392 680 1422 Folia
707 1393 775 1422 basi
799 1403 865 1423 mm
892 1393 1028 1422 cordata
1082 1392 1123 1422 N.
1153 1391 1349 1432 251-258,

589 1486 618 1506 a.
670 1475 791 1517 Sepala
819 1476 948 1507 obtusa.
1002 1476 1042 1512 N,
1074 1483 1270 1516 251—252.

297 1578 394 1621 251.
460 1569 524 1609 sps.
561 1570 942 1623 Harlwegiana
975 1568 1116 1622 (Berg)
1156 1570 1337 1609 Kiaersk.

273 1647 352 1687 Syn.
383 1648 562 1678 Gomidesia
575 1648 815 1689 Harl'wcgiana
836 1649 922 1689 Berg
948 1653 980 1679 et
998 1649 1035 1678 G.
1054 1648 1249 1678 Sellowiana
1265 1648 1350 1688 Berg
1377 1644 1411 1686 (l.
1428 1658 1455 1678 c.
1472 1658 1503 1688 p.
1521 1644 1684 1685 21—22).

297 1712 527 1752 Character
560 1726 584 1752 a
607 1715 798 1765 germine
833 1724 872 1752 2-
896 1713 961 1753 vel
987 1713 1202 1764 3-loculari
1236 1713 1464 1764 desumpta
1497 1726 1582 1751 non
1615 1713 1683 1752 de-

179 1789 294 1829 fendi
336 1796 503 1842 potest,
545 1804 675 1842 quum
710 1797 887 1843 utraque
920 1791 1086 1842 species
1118 1790 1330 1842 Bergiana
1363 1803 1537 1841 germen
1573 1803 1683 1829 nunc

181 1877 232 1914 2-‚
268 1880 379 1906 nunc
415 1867 640 1917 3-loculare
680 1868 851 1907 habent.
918 1867 1029 1907 Aliae
1072 1867 1338 1907 characteres
1371 1880 1395 1906 a
1429 1867 1583 1918 Bergio
1630 1867 1686 1905 in-

179 1944 333 1984 dicatae
365 1950 452 1984 tarn
487 1957 610 1996 vagae
643 1952 752 1993 sunt,
803 1952 847 1984 ut
881 1958 966 1984 non
999 1945 1163 1992 dubito,
1199 1946 1299 1996 quin
1339 1950 1517 1996 utraque
1550 1943 1688 1983 forma

179 2022 234 2061 ad
268 2022 450 2061 eandem
483 2022 671 2074 speciem
706 2023 927 2074 pertineat.

299 2097 545 2151 Specimina
579 2113 673 2139 mea
706 2100 946 2139 internodia
979 2099 1175 2139 breviora
1208 2105 1249 2139 et
1272 2099 1411 2138 nodos
1435 2098 1684 2138 termidulos

181 2175 353 2216 habent

303 2253 472 2293 Nomen
506 2254 685 2306 *Mammiae
718 2253 990 2294 Sellowz'anoe
1022 2254 1134 2306 Berg
1167 2252 1257 2305 jam
1291 2253 1521 2301 invenitur,
1557 2265 1685 2305 quam

183 2331 241 2370 ob
275 2344 363 2370 rem
396 2331 509 2370 aliud
543 2345 700 2370 nomen
734 2331 981 2383 specificum
1016 2331 1203 2383 deligere
1236 2344 1411 2370 necesse
1444 2329 1534 2369 fuit.

302 2408 458 2439 Glaziou:
499 2419 530 2439 n.
559 2408 660 2447 8386,
694 2408 815 2448 14830‚
850 2416 972 2448 17004.
1029 2407 1341 2449 Theresopolis
1386 2408 1565 2438 Decembr.
1598 2406 1683 2446 1887

183 2463 406 2506 (Mendonqaz
436 2478 467 2498 n.
499 2464 612 2506 1167).

305 2619 400 2660 252.
466 2609 530 2649 M
565 2609 876 2649 [llbeOSe'nSZ'S
908 2609 1089 2650 Kiaet‘Sk.
1170 2617 1350 2647 Gomidesia
1382 2616 1564 2647 Fcnzliana
1603 2615 1689 2655 Berg

186 2684 219 2725 (1.
248 2697 276 2717 e.
303 2698 334 2728 p.
365 2684 432 2725 20).

304 2752 453 2792 Riedel
486 2752 675 2804 speciem
714 2753 768 2791 ad
802 2752 941 2792 Ilheos
974 2752 1094 2804 legit,
1144 2759 1186 2792 et
1227 2753 1326 2792 inde
1366 2766 1523 2792 nomen
1555 2752 1689 2803 speci-

187 2828 314 2868 ficum
338 2829 538 2869 derivavi.
605 2829 792 2869 Necesse
825 2830 937 2868 enim
972 2829 1047 2869 fuit
1080 2830 1162 2869 hoc
1195 2830 1420 2882 corrigere,
1455 2842 1586 2881 quum
1620 2842 1687 2868 no-

187 2906 301 2946 mina
334 2912 376 2945 et
396 2905 678 2958 Aulomyrcioe
710 2912 752 2946 et
780 2905 959 2958 ffllyrcz'oe
981 2906 1229 2946 Fenzlz'ance
1262 2906 1373 2958 Berg
1404 2906 1685 2945 inveniuntur.

305 2982 462 3014 Glaziou:
491 2994 523 3015 n.
551 2983 629 3024 653,
659 2983 745 3023 3981
777 2980 1078 3024 (Copacabana
1105 2984 1202 3014 Febr.
1235 2980 1346 3022 1870),
1377 2983 1479 3023 5873,
1507 2982 1609 3022 8705.
1650 2982 1689 3012 In

187 3041 349 3083 Restinga
374 3042 416 3073 de
443 3042 742 3083 Copaeabana,
772 3053 814 3073 m.
842 3043 933 3073 Maio
959 3043 1079 3073 fruetis.
1106 3039 1244 3081 (Lund).
1296 3042 1351 3072 Ad
1377 3041 1620 3072 Macaraibo
1656 3041 1690 3071 in

186 3100 291 3132 Herb.
355 3101 582 3132 Schumacher
613 3106 645 3132 et
671 3102 893 3133 Hornemann
933 3102 1031 3139 (Mus.
1066 3102 1137 3132 bot.
1164 3100 1303 3138 Haun.).
1366 3101 1506 3141 Lagoa
1539 3100 1591 3131 de
1618 3100 1690 3130 Ro-
