2116 3447
899 233 940 260 II

171 363 441 416 receptaculo
474 363 1000 416 tomentoso-pubescenti.
1067 361 1252 402 Germen
1286 362 1558 409 turbinatum,
1601 376 1671 413 pu-

168 441 360 488 bescenS,
396 441 636 491 9-loculare,
672 441 784 492 stylo
815 440 1050 492 praesertim
1079 438 1241 478 inferne
1265 438 1526 490 pubescente
1560 436 1671 488 (cum

167 518 367 569 stigmate
400 518 577 557 dilatato
610 531 644 557 c.
686 529 699 556 1
739 523 837 556 ctm.
873 514 957 568 lg).

291 622 650 676 Campomanesz'oe
682 622 946 662 Riedelz'anoe
982 622 1095 673 Berg
1127 621 1276 661 affinis.

1342 712 1351 729 1

286 719 339 748 Ad
368 720 506 760 Lagoa
545 719 670 749 Santa
708 718 740 748 in
781 718 907 758 eampis
950 717 1159 754 »eerrados«,
1200 717 1305 747 frutex
1369 724 1449 756 2—1
1492 727 1532 746 m.
1575 717 1668 752 altus,

168 788 210 808 m.
238 778 352 818 Septb.
383 778 519 814 florens3
547 777 641 817 calyx
669 777 895 813 flavo-viridis,
925 777 1052 807 corolla
1079 777 1165 806 alba.
1217 773 1422 816 (XVarmingz
1459 787 1489 805 n.
1523 772 1635 814 103ὃῶ

296 907 357 947 17.
428 894 470 935 C.
505 895 806 934 Rabeuiana
839 909 936 935 nov.
972 908 1086 947 spec.
1156 891 1277 946 [Tab.
1314 894 1363 941 II,
1399 890 1449 945 a]

287 972 332 1012 C.
368 972 478 1011 foliis
511 972 741 1024 petiolatis,
793 972 1010 1019 obovatis,
1052 972 1246 1024 ellipticis
1292 971 1357 1011 vel
1396 970 1673 1022 elliptico-ob-

168 1049 320 1101 longis,
356 1049 487 1089 rarius
521 1063 645 1101 paene
678 1036 987 1089 orbicularibus
1022 1049 1086 1089 vel
1117 1048 1437 1095 orbicularibus‚
1474 1047 1674 1086 dichasiis

168 1125 356 1165 unifloris
404 1127 600 1166 solitariis
648 1140 702 1166 ex
751 1127 888 1166 axillis
937 1126 1091 1166 infimis
1140 1126 1205 1165 vel
1245 1125 1514 1165 inferioribus
1559 1125 1676 1163 inno-

169 1203 390 1242 vationum
424 1204 698 1243 novellarum.

287 1281 606 1333 Descriptio:
672 1281 797 1320 Rami
839 1288 995 1320 teretes
1039 1280 1468 1332 villoso-pubesentes
1517 1279 1676 1318 cortice

169 1364 348 1397 externo
390 1357 569 1410 delapso
608 1358 763 1410 glabri,
822 1358 976 1397 novelli
1016 1357 1317 1409 subapplanati
1366 1356 1676 1408 villoso-pube-

169 1441 350 1474 scentes.
428 1435 550 1474 Folia
595 1448 753 1482 annua,
804 1435 1024 1487 opposita,
1075 1434 1525 1486 villoso-pubescentia
1573 1447 1677 1485 prae-

168 1511 313 1551 sertim
353 1512 393 1551 in
433 1513 591 1559 nervis,
636 1513 754 1552 venis
788 1512 1037 1564 venulisque
1086 1512 1307 1564 petiolata,
1354 1511 1514 1563 petiolo
1556 1511 1673 1550 semi-

168 1589 289 1628 tereti
308 1586 356 1638 (c.
377 1590 493 1639 4›—6
512 1603 611 1629 mm.
632 1588 716 1641 lg),
749 1589 951 1635 obovata,
987 1589 1171 1641 elliptica
1193 1589 1259 1628 vel
1282 1588 1676 1640 elliptico-oblonga

169 1666 235 1705 vel
269 1666 401 1705 rarius
434 1679 558 1718 paene
591 1667 844 1706 orbicularia
878 1667 943 1706 vel
977 1666 1248 1713 orbicularia,
1302 1666 1390 1705 basi
1431 1678 1548 1717 saepe
1582 1666 1677 1704 sub-

169 1743 363 1795 obliqua,
429 1744 658 1783 rotundata
703 1744 768 1783 vel
820 1743 1080 1783 subcordata
1128 1743 1193 1783 vel
1232 1756 1326 1782 raro
1360 1743 1674 1786 subattenuata,

169 1821 408 1873 saepissime
450 1821 630 1872 abrupte
673 1821 858 1861 breviter
897 1821 963 1860 vel
997 1821 1247 1860 brevissime
1280 1817 1508 1870 (interdum
1543 1833 1675 1859 recur-

169 1895 299 1947 vato-)
345 1899 610 1945 acuminata,
662 1899 793 1938 rarius
841 1898 1083 1937 subsensim
1131 1898 1386 1949 longiusque
1419 1898 1674 1944 acuminata,

170 1981 306 2022 acuta,
342 1976 683 2022 membranacea,
721 1975 1001 2014 minutissime
1035 1975 1472 2027 pellucido-punctam
1504 1972 1677 2023 (lamina

170 2065 204 2092 c.
242 2061 395 2104 2—7,5
433 2059 531 2092 ctm.
567 2052 621 2104 lg.
656 2059 698 2092 et
738 2053 891 2102 1‚6—4
924 2058 1023 2092 ctm.
1059 2050 1130 2101 lt.)‚
1180 2065 1310 2104 supra
1357 2065 1489 2091 nervo
1532 2052 1676 2091 medio

170 2129 211 2168 in
244 2136 364 2181 parte
397 2129 594 2169 inferiore
626 2130 938 2182 subimpresso,
987 2130 1104 2169 venis
1138 2129 1387 2181 venulisque
1420 2129 1553 2168 dense
1586 2129 1678 2168 reti-

170 2207 320 2246 culatis
362 2206 510 2246 leviter
541 2207 734 2255 elevatis,
786 2207 936 2246 subtus
985 2207 1159 2259 pallida,
1212 2206 1494 2245 minutissime
1543 2205 1677 2244 fusco-

170 2290 392 2336 punctata,
444 2297 574 2323 nervo
624 2284 766 2324 medio
815 2284 1103 2336 prominente,
1154 2284 1272 2323 venis
1321 2291 1501 2335 utroque
1547 2283 1677 2322 latere

169 2374 204 2400 c.
242 2362 354 2412 7——8
389 2361 637 2413 venulisque
672 2361 903 2413 interjectis
952 2368 993 2401 et
1026 2374 1135 2401 vena
1168 2360 1409 2413 marginali,
1461 2360 1585 2399 valde
1618 2373 1677 2398 ar—

168 2444 294 2477 cuata
356 2444 397 2478 et
450 2439 522 2477 vix
577 2438 795 2486 distincta,
852 2438 1040 2478 elevatis.
1127 2438 1332 2478 Dichasia
1386 2436 1564 2477 uniflora
1622 2450 1675 2476 ex

170 2514 308 2554 axillis
326 2515 481 2554 infimis
505 2522 547 2554 et
565 2514 832 2554 inferioribus
857 2516 1182 2555 innovationum
1207 2514 1482 2561 novellarum,
1518 2514 1676 2566 pedun-

169 2591 310 2631 culata
343 2592 586 2643 pedunculo
618 2592 862 2644 applanato,
896 2592 1318 2645 villoso-pubescenti
1343 2589 1674 2642 (c.1—1,7ctm.

169 2666 255 2720 lg.).
333 2668 568 2708 Bracteolae
616 2669 817 2721 delapsae.
888 2669 1042 2709 Baccae
1090 2670 1328 2709 immaturae
1377 2668 1674 2720 sphaeroideae,

171 2745 647 2798 villoso-pubescentes,
706 2746 862 2798 sepalis
910 2746 1132 2798 oblongis,
1192 2746 1358 2785 obtusis
1406 2745 1473 2785 vel
1521 2746 1675 2797 partim

170 2823 317 2870 acutis,
352 2823 652 2870 canaliculatis,
688 2823 1191 2874 villoso-pubescentibus
1224 2819 1275 2873 (c.
1310 2823 1455 2862 6mm.
1490 2821 1575 2874 lg-).

294 2915 654 2969 Campomanesioe
685 2917 842 2957 cz'lz‘atoe
873 2918 986 2970 Berg
1018 2924 1060 2957 et
1088 2916 1132 2957 C.
1161 2917 1387 2969 malz'folz'oe
1420 2917 1531 2968 Berg
1565 2923 1606 2956 et
1631 2914 1673 2956 C.

169 2993 366 3033 Poz'teauz'
395 2994 508 3046 Berg
539 2994 687 3034 affinis.

288 3095 343 3125 Ad
370 3095 424 3125 La
435 3105 512 3136 goa
538 3095 663 3126 Santa
690 3095 722 3126 in
750 3094 900 3136 virgultis
926 3095 1142 3131 silvestribus,
1170 3106 1212 3125 m.
1239 3095 1326 3125 Nov.
1355 3095 1437 3126 Dee.
1467 3105 1541 3125 cum
1567 3094 1673 3124 fructu

171 3153 346 3185 immaturo
389 3150 602 3195 (Warming).
