2116 3447
885 187 963 227 107

163 324 287 359 serta.
353 318 499 370 Stylus
532 324 726 358 exsertus
759 318 979 358 subulatus
1013 319 1107 370 pilis
1140 319 1355 371 adpressis
1388 320 1520 359 hirtus
1543 333 1671 373 supra

164 395 352 436 medium
386 395 734 448 subgeniculatus
767 401 810 435 et
841 395 1000 446 glaber.

287 473 384 503 »Rio
420 473 592 514 Janeiro
636 472 743 512 1832«
787 477 819 503 et
859 473 913 502 »in
940 472 1054 503 collib.
1088 473 1184 503 siccis
1223 483 1271 513 pr.
1300 473 1555 513 Pertininga
1588 475 1670 514 Apr.

167 531 289 571 1833‹.
342 532 485 570 (Riedel.
513 532 606 563 herb.
634 532 720 563 hort.
748 531 944 572 Petropolit.
978 528 1090 570 1298).

284 662 379 712 246.
445 661 510 701 M.
545 661 891 702 Estrellensis
924 661 1106 701 Kiaersk.
1173 668 1252 708 Syn.
1277 667 1456 699 Gomidesia
1484 668 1671 699 Riedeliana

165 739 252 779 Berg
279 735 313 777 (1.
342 749 369 770 e.
398 750 430 780 p.
459 736 550 779 532),

282 804 431 843 Riedel
466 805 624 855 primus
657 804 843 856 speciem
877 804 917 843 in
942 803 1160 843 montibus
1186 802 1236 844 Sa
1270 803 1323 843 de
1342 803 1522 842 Estrella
1555 803 1668 855 legit,

165 886 208 921 et
230 881 328 920 inde
352 894 508 920 nomen
532 881 781 933 specificum
805 881 1007 920 derivavi.
1073 881 1259 920 Necesse
1293 886 1357 920 est
1379 881 1491 919 enim
1516 893 1672 920 nornen

168 958 310 1010 Bergii
345 942 569 1010 corrigere,
604 972 734 1010 quum
769 958 895 997 etiarn
930 971 1087 998 nomen
1110 957 1393 1010 Aulomyrcz'oe
1409 957 1673 996 Riedelianoe

162 1035 276 1087 Berg
307 1035 532 1074 invenitur.

281 1112 327 1150 In
363 1112 574 1151 nonnullis
613 1112 919 1164 speciminibus
959 1112 1063 1151 meis
1097 1111 1197 1151 folia
1230 1124 1347 1163 saepe
1380 1117 1509 1150 ovata
1542 1110 1672 1162 longi-

163 1202 297 1241 usque
326 1189 537 1240 peliolata,
574 1194 616 1228 et
648 1188 973 1228 inflorescentiae
1007 1195 1073 1228 sat
1105 1187 1344 1228 multiflorae
1378 1194 1487 1227 sunt.
1552 1187 1673 1227 Folia

162 1266 291 1305 etiam
314 1279 431 1318 saepe
454 1266 648 1318 longiora
678 1263 850 1316 (lamina
872 1280 1007 1318 usque
1031 1267 1084 1305 ad
1115 1267 1162 1306 18
1183 1271 1282 1305 ctm.
1309 1263 1381 1317 lg.)
1406 1271 1515 1304 sunt.

284 1343 322 1373 In
350 1343 489 1373 Brasilia
517 1343 596 1383 legit
623 1343 781 1374 Glaziou:
810 1355 841 1374 n.
870 1344 948 1383 652,
982 1343 1103 1382 10780,
1138 1343 1259 1382 17670.

282 1484 378 1524 247.
443 1473 508 1513 M.
535 1473 590 1513 H
593 1473 868 1513 ooleeriana
895 1470 1035 1525 (Berg)
1055 1474 1237 1513 Kiaersk.
1306 1480 1485 1511 Gomsdcsia
1520 1479 1673 1510 Hookeri-

160 1562 225 1581 ana
252 1551 339 1591 Berg
365 1550 400 1588 (l.
428 1562 455 1581 c.
484 1562 515 1592 p.
548 1548 613 1587 18).

280 1616 408 1655 Forte
441 1622 609 1655 tanturn
643 1616 825 1656 varietas
859 1616 1039 1669 stffyrcice
1071 1616 1323 1668 hebepetaloe
1356 1615 1447 1656 DC.

280 1693 333 1723 Ad
362 1693 516 1724 Caldas
556 1689 668 1731 (Prov.
698 1694 807 1724 Minas
835 1691 984 1732 Gelaes),
1026 1694 1143 1735 Septb.
1176 1693 1261 1733 1847
1299 1703 1373 1724 cum
1401 1693 1572 1729 fructibus,
1601 1693 1671 1732 Jan.

165 1752 263 1791 1870,
305 1752 413 1793 Aprili
446 1752 532 1783 1868
561 1763 635 1783 cum
664 1753 801 1783 floribus
828 1751 911 1791 (Hb.
940 1754 1031 1784 Bras.
1060 1752 1214 1793 Regnell.
1262 1754 1347 1783 Mus.
1375 1753 1445 1783 bot.
1474 1752 1672 1783 Stockholm

160 1812 203 1842 N.
230 1811 281 1841 ΠΙ
324 1808 413 1852 552).
477 1811 638 1842 Glaziou:
680 1823 711 1842 n.
752 1820 854 1852 9433,
908 1813 1029 1851 16077,
1075 1811 1186 1852 19378
1225 1808 1400 1850 (Minas).
1465 1811 1672 1851 Friburgo

167 1870 255 1909 1884
282 1867 364 1909 (Hb.
394 1871 587 1910 Mendongta
614 1872 657 1901 N.
683 1878 751 1912 455
780 1872 813 1902 in
842 1872 926 1902 Mus.
954 1872 1024 1902 bot.
1052 1868 1188 1909 Remi.)-

281 2002 378 2051 248.
445 2001 510 2041 M.
530 2015 572 2040 m
583 2015 682 2054 agn
695 2002 850 2053 ifolia
883 1999 1023 2054 (Berg)
1048 2001 1229 2041 Kiaersk.
1278 2007 1458 2038 Gomidcsia
1479 2006 1672 2047 nmgnifhlia

160 2079 249 2119 Berg
276 2074 311 2117 (l.
339 2089 367 2110 c.
396 2090 426 2119 p.
459 2076 550 2119 531).

278 2143 316 2174 In
344 2144 436 2175 silvis
463 2145 505 2174 ad
520 2144 701 2175 Alcanta
713 2155 752 2174 ra
780 2156 822 2175 m.
841 2145 917 2186 Jun.
945 2155 972 2175 c.
1001 2145 1096 2175 fruct.
1125 2145 1214 2175 haud
1242 2144 1342 2185 plane
1370 2144 1505 2174 maturis
1533 2140 1671 2180 (Lund).

280 2261 376 2300 249.
442 2251 506 2290 M.
542 2251 828 2290 reticulata
862 2250 1083 2291 Cambess.

277 2328 326 2359 Fl.
354 2328 408 2358 Br.
437 2328 552 2359 merid.
581 2329 615 2359 II
642 2340 697 2369 pg.
726 2336 794 2368 304
821 2334 841 2360 t.
872 2327 963 2367 242).
1030 2329 1211 2359 Gemidesia
1237 2329 1404 2360 reticulata
1432 2329 1518 2368 Berg
1543 2336 1575 2358 α.
1603 2327 1671 2357 lati-

163 2386 239 2417 falia
266 2387 352 2427 Berg
379 2384 414 2425 (l.
442 2398 468 2417 c.
496 2398 529 2428 p.
562 2384 626 2427 15).

281 2445 438 2477 Glaziou:
468 2457 498 2476 n.
527 2447 630 2486 6546.

279 2568 376 2609 250.
442 2558 507 2598 M.
550 2558 819 2599 Tz'cuensz's
850 2573 889 2599 n.
925 2573 1040 2612 spec.
1108 2556 1228 2611 [Tab.
1264 2560 1403 2607 XVII,
1438 2555 1492 2610 b.]

280 2634 338 2674 M.
380 2635 507 2674 ramis
546 2636 725 2675 novellis
765 2637 1016 2676 internodiis
1058 2637 1182 2676 valde
1222 2637 1464 2689 applanatis
1503 2635 1673 2686 ferrugi-

162 2711 830 2764 neo-ochraceo-villoso-pilosis;
880 2713 989 2753 foliis
1023 2714 1277 2761 chartaceis,
1329 2713 1466 2753 forma
1514 2712 1674 2764 magni—

155 2789 392 2840 tudineque
445 2789 569 2829 valde
621 2789 913 2837 variabilibus,
964 2791 1312 2843 ovato-oblongis
1360 2790 1426 2830 vel
1474 2789 1674 2840 oblongis

155 2865 221 2904 vel
254 2865 500 2905 lanceolatis
529 2867 595 2906 vel
618 2867 830 2914 obovatis‚
866 2867 1332 2919 pellucido-punctatis;
1367 2866 1573 2920 paniculis
1606 2879 1660 2904 ex

156 2941 293 2981 axillis
333 2941 529 2982 foliorum
570 2944 808 2995 saepissime
847 2945 1063 2992 omnium,
1114 2958 1298 2996 superne
1348 2943 1566 2990 solitariis,
1617 2942 1674 2980 in-

155 3017 271 3058 ferne
318 3032 435 3071 saepe
483 3019 650 3059 duabus
699 3021 884 3069 seriatis,
939 3021 1132 3072 germine
1174 3021 1581 3065 ochraceo-villoso,
1633 3029 1673 3058 2-

165 3094 352 3135 loculari.
