2116 3447
969 193 992 234 7

230 326 342 378 stylo
366 325 507 365 valido
529 327 662 373 tereti,
697 339 843 378 sparse
866 327 1068 377 adpresse
1093 325 1342 376 pubescenti
1376 324 1425 371 (c.
1458 336 1467 363 1
1488 336 1499 363 1
1526 338 1624 363 mm.
1646 324 1730 375 lg),

230 404 417 455 stigmati
452 416 610 454 magno
644 403 867 442 orbiculari
900 401 1272 441 suberateriformi.

348 480 505 511 Glaziou:
535 492 564 510 n.
592 488 695 519 4990,
723 488 825 518 9429.

351 568 386 609 7.
452 557 532 597 Br.
567 556 840 596 Lundz'ana
873 569 970 594 nov.
1006 568 1119 607 spec.
1188 550 1307 605 {Tau
1343 555 1372 601 I,
1408 550 1461 606 bl

349 634 414 674 Br.
441 633 550 673 foliis
573 633 756 673 breviter
779 632 1004 684 petiolatis,
1040 631 1461 683 obovato-oblongis,
1497 644 1581 670 non
1607 632 1732 682 pellu-

230 711 578 763 cido-punctatis,
622 709 1088 753 chartaceo-coriaceis,
1138 721 1266 759 supra
1309 721 1439 747 nervo
1483 708 1625 746 medio
1667 721 1731 746 ve<

230 789 379 841 nisque
412 787 535 827 valde
569 786 805 838 impressis,
855 786 1054 825 clichasiis
1089 784 1276 824 unifloris
1309 784 1644 836 hispido-pilosis
1678 798 1730 823 ex

229 865 366 905 axillis
414 863 755 915 cataphyllorum
802 869 844 902 et
885 862 1183 914 euphyllorum
1228 862 1549 901 innovationum
1594 861 1733 900 novel-

231 943 376 989 larum,
411 941 636 987 interdum,
666 925 877 992 euphyllis
906 953 991 979 non
1025 939 1217 986 evolutis,
1253 939 1293 977 in
1317 937 1638 978 inflorescentiis
1667 951 1732 976 co-

230 1017 580 1070 rymbiformibus
613 1016 854 1069 paucifloris
889 1017 1130 1059 collocatis:
1165 1016 1355 1068 germine
1389 1015 1593 1067 globoso,
1638 1015 1732 1054 sub-

233 1095 679 1147 hispido-tomentoso,
715 1094 868 1133 obtuse
901 1103 1012 1144 4-—5
1050 1099 1217 1132 costato
1251 1092 1316 1132 vel
1350 1091 1540 1131 obselete
1575 1093 1733 1132 8-10-

227 1178 408 1219 costato,
443 1172 643 1223 stigmate
681 1171 882 1223 capitato.

346 1248 664 1300 Descriptio:
730 1248 897 1287 Ramuli
931 1254 1098 1294 teretes,
1139 1247 1443 1299 glabresentes,
1489 1245 1641 1285 novelli
1676 1246 1732 1297 pi-

228 1326 454 1374 loso-hirti,
499 1325 747 1364 internodiis
787 1325 996 1377 supremis
1029 1324 1282 1376 applanatis.
1348 1323 1469 1362 Folia
1502 1320 1733 1373 (exsiccata

228 1401 360 1453 fusca)
409 1403 611 1455 opposita
644 1402 709 1441 vel
742 1402 1039 1454 subopposita,
1090 1401 1274 1440 breviter
1307 1400 1522 1452 petiolata,
1573 1400 1732 1452 petiolo

227 1481 455 1520 semitereti
504 1480 633 1527 hirto,
684 1480 857 1519 demum
907 1479 1202 1531 glabrescente
1250 1477 1298 1527 (c.
1344 1486 1452 1528 3—5
1495 1490 1596 1516 mm.
1646 1476 1730 1528 lg),

226 1557 638 1608 obovato-oblonga‚
689 1570 836 1595 versus
869 1556 1016 1595 basem
1051 1556 1209 1595 sensim
1243 1561 1474 1602 attenuata,
1515 1554 1607 1593 basi
1641 1554 1733 1605 ipsa

226 1635 473 1681 rotundata,
521 1634 642 1685 apice
682 1634 865 1673 breviter
897 1634 1151 1680 acuminata,
1193 1638 1335 1677 acuta,
1387 1645 1471 1671 non
1506 1631 1733 1683 pellucido-

227 1717 451 1764 punctata,
502 1711 939 1750 chartaceo-coriacea
972 1707 1143 1758 (lamina
1175 1723 1209 1749 c.
1248 1719 1433 1760 3,5——12
1468 1715 1566 1748 ctm.
1602 1708 1656 1760 lg.
1692 1714 1733 1747 et

233 1797 387 1839 1,5-—4
420 1794 518 1827 ctm.
554 1785 626 1837 lt.),
676 1800 804 1839 supra
842 1787 998 1835 lucida,
1040 1787 1206 1839 glabra,
1254 1799 1384 1825 nervo
1418 1786 1561 1825 medio
1601 1785 1733 1824 venis—

227 1879 310 1918 que
343 1871 524 1917 utroque
556 1865 685 1904 latere
718 1878 752 1904 c.
784 1865 898 1916 6—7
933 1864 1057 1903 valde
1090 1864 1319 1915 impressis,
1370 1876 1479 1902 vena
1512 1862 1732 1915 marginali

228 1943 353 1982 valde
387 1948 558 1981 arcuata
607 1947 648 1981 et
681 1942 926 1981 indistincta
967 1947 1009 1981 et
1042 1941 1113 1980 vix
1148 1947 1193 1980 ut
1233 1940 1304 1980 tali
1339 1939 1730 1986 commemoranda,

230 2020 479 2072 venulisque
548 2019 814 2071 paucissimis
877 2018 1089 2058 levissime
1152 2017 1369 2070 impressis
1432 2017 1730 2069 inconspicuis,

228 2097 378 2137 subtus
411 2097 557 2144 nitida,
601 2109 748 2148 sparse
782 2095 1017 2148 praesertim
1051 2096 1091 2134 in
1133 2108 1263 2134 nervo
1297 2094 1440 2134 medio
1474 2100 1516 2133 et
1544 2094 1584 2133 in
1615 2093 1733 2133 venis

230 2173 496 2226 piloso-hirta
528 2187 631 2213 mox
665 2173 994 2225 glabrescentia,
1052 2172 1334 2224 irregulariter
1388 2171 1733 2223 nigro-punctata

227 2248 385 2301 (tamen
419 2264 504 2290 non
544 2264 715 2302 semper
747 2247 1006 2302 conspicue),
1047 2263 1178 2289 nervo
1217 2249 1360 2288 medio
1399 2249 1603 2300 venisque
1635 2247 1733 2286 late-

227 2327 384 2368 ralibus
418 2328 770 2380 prominentibus,
807 2327 969 2366 venulis
1003 2327 1150 2378 paucis
1174 2326 1386 2366 levissime
1410 2325 1597 2365 elevatis.
1662 2325 1733 2363 Di-

228 2405 372 2444 chasia
410 2404 588 2444 uniflora
627 2418 681 2444 ex
721 2404 858 2443 axillis
891 2403 1231 2455 cataphyllorurn
1272 2408 1314 2442 et
1345 2402 1644 2455 euphyllorum
1678 2402 1733 2440 in-

228 2482 507 2521 novationum
552 2481 833 2529 novellarum,
884 2481 1171 2533 pedunculata
1218 2479 1461 2532 pedunculo
1500 2479 1732 2531 applanato

228 2558 556 2611 hispido-piloso
590 2556 639 2607 (c.
675 2568 817 2608 4———12
852 2571 953 2597 mm.
988 2555 1079 2609 lg),
1129 2557 1361 2604 interdum,
1403 2556 1614 2608 euphyllis
1647 2569 1732 2595 non

227 2635 428 2683 evolutis,
463 2635 505 2674 in
538 2634 860 2674 inflorescentiis
893 2633 1300 2686 corymbiformibus
1333 2632 1575 2686 paucifloris
1608 2632 1732 2672 collo-

228 2718 336 2752 cata.
400 2711 636 2751 Bracteolae
669 2711 938 2759 lanceolatae‚
988 2718 1125 2751 acutae
1163 2710 1498 2763 hispido-pilosae
1532 2707 1581 2760 (c.
1617 2710 1730 2759 4—8

227 2802 328 2829 mm.
362 2787 447 2841 lg).
511 2789 659 2828 Flores
692 2789 876 2828 breviter
908 2788 1147 2840 pedicellati
1181 2787 1391 2840 pedicello
1420 2787 1543 2826 tereti
1569 2787 1729 2833 striato,

227 2865 554 2918 hispido-piloso
588 2862 637 2915 (c.
674 2876 697 2905 2
731 2879 831 2905 mm.
867 2863 950 2917 lg).
1016 2864 1154 2916 Calyx
1188 2864 1444 2916 47—-5-fidus,
1480 2869 1605 2903 extus
1638 2863 1732 2915 plus

228 2943 422 2982 minusve
455 2943 863 2995 piloso-pubescens,
904 2942 1015 2981 intus
1049 2941 1524 2994 adpresse-pubescens,
1590 2940 1732 2980 Petala

228 3031 311 3069 4—
321 3028 340 3070 5
362 3019 613 3059 orbicularia
645 3032 836 3059 concava
858 3019 1007 3058 subtus
1040 3019 1244 3071 adpresse
1273 3017 1736 3069 sericeo-pubescentia

228 3109 356 3148 supra
388 3096 548 3148 glabra,
588 3096 672 3136 cito
705 3095 959 3135 Nelabentia.
1040 3094 1234 3135 Stamina
1275 3095 1424 3147 glabra
1471 3094 1513 3133 in
1546 3099 1732 3145 recepta-
