2116 3447
1155 181 1231 220 142

434 312 760 360 orbicularibus,
811 312 1061 352 brevissime
1109 313 1290 364 abrupte
1331 322 1634 365 recurvateque
1676 314 1949 363 acuminatis,

434 389 617 437 obtusis,
668 403 753 428 non
800 389 1264 441 pellucido-punctatis,
1315 389 1519 441 glabratis
1565 389 1630 429 vel
1675 390 1945 441 glabrescen-

432 467 565 515 tibus;
601 466 819 517 corymbis
853 467 918 505 vel
952 467 1083 506 rarius
1117 467 1295 506 racemis
1328 466 1504 518 singulis
1538 467 1603 506 vel
1632 467 1742 506 binis
1765 468 1948 516 seriatis,

433 543 1131 596 ferrugineo—fusco-tomentosis3
1181 544 1372 595 germine
1420 544 1945 595 sphaeroideo-turbinato,

435 621 663 661 2-loculari.

552 698 876 750 Descriptio:
943 699 1046 737 rami
1086 694 1401 750 juvenissimiss)
1450 697 1938 749 subapplanato-teretes

431 777 625 830 glabrati,
661 776 702 815 in
736 782 855 827 parte
889 776 1106 827 superiore
1139 775 1220 814 huc
1254 775 1348 814 illuc
1372 775 1752 827 subpubescentes.
1820 775 1944 815 Folia

431 854 633 906 opposita
666 853 794 904 longe
827 853 1030 904 petiolata
1064 852 1223 904 petiolo
1257 853 1500 899 semitereti,
1541 865 1668 903 supra
1702 852 1864 891 sulcato
1898 857 1943 892 et

430 945 612 983 superne
636 931 711 969 alis
735 930 935 969 revolutis
959 930 1084 974 alato,
1121 929 1404 980 glabrescenti
1439 926 1487 978 (c.
1516 930 1712 980 1,5—1,8
1733 936 1831 968 ctm.
1852 926 1941 981 lg),

429 1009 619 1049 Obovata
636 1008 699 1047 vel
719 1007 902 1058 elliptica
922 1007 1052 1046 rarius
1072 1020 1194 1058 paene
1211 1007 1475 1054 orbicularia,
1492 1006 1742 1046 brevissime
1757 1006 1944 1058 abrupte

429 1091 735 1137 recurvateque
767 1084 1021 1131 acuminata,
1057 1084 1148 1123 basi
1183 1084 1364 1136 abrupte
1397 1085 1437 1122 in
1472 1083 1674 1136 petiolum
1704 1089 1938 1132 attenuata,

429 1164 550 1215 apice
589 1163 762 1209 obtusa,
813 1175 898 1200 non
939 1161 1395 1213 pellucido-punctata,
1432 1161 1656 1200 chartacea
1690 1158 1861 1210 (lamina
1900 1174 1934 1200 c.

432 1249 544 1292 5—9
578 1246 676 1279 ctm.
712 1239 766 1291 lg.
803 1245 844 1279 et
877 1252 910 1278 e.
947 1248 1058 1289 4——5
1097 1245 1195 1278 ctm.
1231 1235 1302 1288 lt),
1353 1251 1481 1290 supra
1513 1238 1707 1290 glabrata
1747 1238 1811 1277 vel
1851 1238 1938 1289 gla-

428 1318 668 1357 brescentia
716 1314 812 1367 (huc
857 1316 952 1355 illuc
992 1315 1086 1367 pilis
1125 1316 1340 1367 adpressis
1373 1313 1546 1367 sparsis)
1595 1315 1728 1354 nitida
1776 1315 1841 1354 vel
1879 1315 1939 1354 lu-

427 1395 544 1441 cida,
596 1408 726 1434 nervo
776 1394 919 1433 medio
969 1393 1182 1445 impresso
1231 1390 1286 1441 (in
1320 1393 1515 1432 acumine
1569 1389 1762 1440 elevato),
1813 1392 1933 1432 venis

426 1478 606 1524 utroque
655 1472 784 1511 latere
838 1484 872 1510 c.
930 1481 979 1509 10
1028 1470 1277 1522 venulisque
1325 1470 1556 1521 interjectis
1612 1469 1840 1509 reticulatis
1894 1475 1937 1509 et

424 1551 546 1590 venis
595 1549 761 1588 duabus
810 1547 1133 1599 marginalibus,
1184 1560 1360 1599 quarum
1412 1547 1609 1586 interiore
1658 1546 1791 1585 multo
1838 1546 1934 1585 vali-

425 1629 543 1668 diore
578 1640 601 1666 a
625 1626 816 1677 margine
849 1639 883 1664 c.
912 1636 1022 1675 2-—3
1050 1638 1149 1664 mm.
1186 1630 1362 1669 remota,
1399 1624 1492 1676 plus
1526 1625 1720 1663 minusve
1743 1623 1933 1672 elevatis,

424 1706 574 1746 subtus
608 1717 758 1756 opaca,
794 1702 1028 1754 pallidiora,
1075 1702 1156 1741 huc
1190 1702 1285 1741 illuc
1319 1702 1523 1753 adpresse
1557 1701 1834 1753 pubescentia
1867 1716 1930 1742 ce-

423 1789 560 1823 terum
595 1781 807 1833 glabrata,
858 1793 989 1819 nervo
1024 1780 1167 1818 medio
1202 1780 1482 1831 prominente,
1532 1779 1650 1818 venis
1685 1779 1939 1832 venulisque·

424 1859 611 1900 elevatis.
693 1857 895 1896 Dichasia
934 1857 1111 1896 uniflora
1155 1857 1195 1895 in
1229 1857 1447 1907 corymbis
1488 1856 1553 1895 vel
1587 1857 1718 1895 rarius
1752 1857 1930 1896 racemis

421 1936 714 1977 terminalibus
757 1941 797 1974 et
831 1934 1076 1973 axillaribus
1119 1934 1293 1985 singulis
1343 1934 1407 1973 vel
1450 1934 1559 1972 binis
1602 1933 1765 1972 seriatis
1806 1934 1931 1973 collo-

423 2020 530 2053 cata.
618 2012 823 2063 Corymbi
882 2012 946 2051 vel
997 2012 1150 2050 racemi
1207 2011 1373 2050 sessiles
1423 2011 1486 2050 vel
1537 2011 1935 2062 brevipedunculati·

425 2090 668 2144 pedunculo
724 2103 818 2129 cum
878 2089 947 2128 axi
997 2088 1641 2139 ferrugineo-fusco-tomentoso
1690 2092 1739 2137 (c.
1788 2098 1926 2140 3—15

423 2182 523 2208 mm.
549 2165 633 2219 lg).
699 2167 889 2206 Bracteae
914 2172 1067 2211 ovatae,
1094 2166 1366 2204 acutiusculae
1390 2165 1455 2204 vel
1480 2165 1646 2204 obtusae
1672 2165 1927 2217 ferrugineo-

422 2246 817 2285 fusco-tomentosae
852 2241 900 2293 (c.
944 2252 1137 2294 1‚5——2,5
1166 2256 1265 2282 mm.
1300 2242 1385 2294 lg).
1452 2242 1681 2281 Pedunculi
1722 2242 1928 2282 dichasio-

422 2337 513 2362 rum
560 2322 833 2361 uniflororum
877 2320 1094 2372 applanati
1138 2333 1233 2359 cum
1268 2319 1495 2358 bracteolis
1534 2319 1929 2371 ferrugineo-fusco-

420 2400 651 2440 tomentosi
702 2396 750 2449 (c.
791 2408 929 2449 5——12
966 2411 1065 2437 mm.
1102 2395 1185 2449 lg).
1251 2397 1487 2436 Bracteolae
1535 2402 1676 2436 ovatae
1718 2397 1927 2436 obtusius-

421 2478 540 2524 culae,
590 2477 739 2515 subtus
774 2474 1449 2527 ferrugineo-fusco-tomentosae,
1500 2487 1628 2526 supra
1667 2474 1827 2525 glabrae
1875 2471 1931 2523 (c.>

423 2564 488 2606 2‚5
526 2568 625 2593 mm.
662 2550 744 2605 lg).
812 2553 957 2591 Flores
991 2552 1170 2591 sessiles.
1238 2550 1393 2603 Sepala
1427 2564 1452 2601 4
1486 2551 1635 2590 subtus
1667 2557 1930 2599 tomentosa,.

420 2644 548 2684 supra
581 2630 742 2682 glabra,
792 2630 1003 2669 exteriora
1036 2629 1528 2680 triangulari-rotundam
1561 2625 1609 2678 (c.
1648 2639 1669 2666 2
1706 2641 1806 2667 mm.
1840 2625 1926 2680 lg),

420 2709 619 2748 interiora
660 2707 1037 2746 ovato—rotundata
1086 2704 1135 2755 (c.
1172 2717 1193 2756 3
1231 2719 1330 2745 mm.
1372 2702 1456 2757 lg).
1537 2705 1680 2744 Petala
1722 2705 1930 2757 oblonga‚.

420 2786 541 2837 apice
565 2785 806 2831 rotundata,
841 2784 989 2835 glabra
1021 2782 1071 2831 (c.
1107 2784 1221 2834 6—7
1257 2796 1356 2822 mm.
1393 2780 1475 2834 lg).
1551 2781 1745 2821 Stamina
1777 2781 1927 2833 glabra

420 2860 469 2912 (c.
506 2863 532 2901 6
563 2875 662 2901 mm.
711 2858 794 2913 lg).
861 2860 1047 2900 Germen
1092 2859 1643 2912 sphaeroideo-turbinatum
1679 2858 1926 2898 biloculare..

420 2938 566 2990 Stylus
599 2939 746 2990 glaber
779 2936 828 2987 (c,
861 2938 887 2977 6
921 2951 1021 2977 mm.
1057 2935 1141 2988 lg).

453 3101 484 3143 ²¹³)
512 3104 608 3134 Rami
636 3104 816 3134 adultiores
844 3103 875 3133 in
904 3102 1144 3143 speciminibus
1171 3103 1251 3133 meis
1281 3113 1347 3133 non
1378 3101 1601 3132 inveniuntur.
