2116 3447
885 188 934 230 57

148 325 376 357 minemontis
391 324 447 355 Co
459 324 612 355 rcovad
623 334 652 362 0,
674 324 751 364 Jun.
766 323 941 354 florentem
961 321 1025 361 leg.
1041 318 1225 359 VVarming.
1278 318 1331 348 Ad
1347 318 1486 358 Lagoa
1505 317 1554 348 Sa
1565 322 1605 348 nt
1618 327 1652 353 ας

148 387 251 417 arbor
288 384 454 415 interdum
490 382 626 424 grandis
664 386 696 413 et
734 381 838 413 frutex
877 381 910 411 in
949 379 1040 409 silvis
1073 377 1170 408 valde
1205 377 1376 418 frequens,
1421 377 1481 406 sub
1516 377 1652 406 nomine

156 444 305 476 »Folha
345 443 506 473 minda«
548 441 700 482 cognita;
738 441 809 472 flor.
838 440 912 470 Oct.
946 439 1052 475 Nov.;
1093 437 1191 467 flores
1218 435 1460 471 odoratissimi;
1501 446 1544 465 m.
1579 436 1652 476 Jan.

147 505 245 536 Febr.
283 503 449 534 fructifera
490 498 702 542 (XVax-ming).
754 500 808 530 Ad
840 498 1090 546 Barbacena
1124 507 1164 525 m.
1196 496 1292 525 Mart.
1325 494 1428 533 1887,
1480 494 1655 534 *Campos-

143 563 300 596 strauch«
343 558 400 600 §.H
429 561 598 593 Schenck:
640 571 671 590 n.
698 555 816 599 3339).
869 557 1026 588 Glaziou:
1056 566 1087 586 n.
1121 562 1219 595 1275,
1251 554 1374 592 17680.

267 663 368 702 Var.
404 660 644 712 latifolia
676 660 789 710 Berg
821 655 858 707 (l.
895 654 958 705 c.).

268 741 321 771 Ad
355 738 600 771 Corcovado
640 748 680 767 m.
715 738 801 776 Aug.
835 746 862 766 c.
901 735 971 765 flor.
1012 734 1076 774 leg.
1111 732 1333 769 Raben;'ad
1362 731 1517 762 Caldas
1546 731 1654 761 Minas

145 800 273 832 >Geraes
300 799 363 839 leg.
391 797 534 839 Regnell
561 793 618 835 (N.
647 796 672 827 Ι.
705 793 793 835 136).
847 794 1004 825 Glaziou:
1034 804 1066 824 n.
1093 800 1196 831 9442.

268 894 369 933 Var.
404 892 459 932 ad
494 890 706 943 Myrcz'am
739 895 970 929 rostratam
1003 886 1094 927 DC.
1132 886 1355 926 accedens,

268 971 374 1001 Herb.
401 970 492 1000 Bras.
521 967 665 1009 Regnell
692 978 724 998 n.
754 973 830 1007 551.
883 966 1018 996 Minas
1046 965 1206 995 Geraes
1239 963 1324 1003 1845
1354 962 1408 1003 leg
1447 962 1620 1003 Widgren.

275 1108 366 1151 135.
431 1098 496 1139 M<
531 1093 1009 1150 oxyob‘ntoplzyllass)
1045 1108 1142 1134 now.
1178 1107 1241 1146 sp.
1305 1088 1425 1144 [Tab.
1448 1093 1565 1139 XVI,
1601 1088 1655 1143 ὴ]

270 1177 327 1217 M.
345 1176 472 1216 ramis
488 1175 692 1215 teretibus
711 1174 882 1226 glabris,
903 1172 1080 1212 novellis
1098 1170 1528 1223 subpubescentibus,
1550 1169 1659 1208 foliis

142 1254 404 1301 chartaceis,
455 1250 918 1305 pellucido-punctatis,
967 1249 1166 1301 oblongis
1213 1247 1277 1287 vel
1311 1246 1659 1298 ovato-oblongis

151 1333 218 1373 vel
251 1331 457 1383 ellipticis,
500 1330 669 1381 longius
702 1328 767 1368 vel
802 1328 986 1367 breviter
1018 1326 1280 1372 acuminatis,
1324 1337 1447 1376 paene
1481 1323 1659 1375 glabris;

152 1408 474 1449 inflorescentiis
498 1407 736 1459 saepissime
759 1405 869 1444 binis
893 1404 1056 1444 seriatis
1086 1417 1139 1442 ex
1170 1402 1306 1442 axillis
1336 1401 1661 1441 innovationum

153 1486 428 1533 novellarum,
464 1484 595 1524 altera
627 1483 845 1535 superiore
880 1481 1134 1534 paniculata,
1170 1480 1300 1519 altera
1330 1478 1526 1518 inferiore
1551 1491 1661 1517 race-

154 1563 359 1611 miformi;
393 1562 584 1614 germine
617 1560 829 1600 obconico
863 1559 957 1611 pilis
991 1558 1206 1610 adpressis
1238 1557 1370 1596 dense
1394 1555 1659 1608 pubescenti,

149 1640 385 1680 ,2-loculari.

274 1715 592 1768 Descriptio:
658 1715 976 1761 Rasin-teretes,
1033 1712 1186 1764 glabri,
1247 1711 1400 1750 novelli
1449 1710 1662 1762 subpube-

146 1801 337 1842 scentes,
371 1793 620 1833 internodiis
653 1791 906 1844 applanatis.
971 1790 1092 1829 Folia
1124 1789 1307 1836 biennia,
1343 1788 1557 1840 opposita,
1593 1801 1661 1839 pe-

156 1872 305 1912 tiolata
344 1870 503 1923 petiolo
542 1869 791 1916 semitereti,
832 1881 961 1920 supra
1000 1866 1300 1912 canaliculato,
1342 1865 1436 1917 plus
1470 1865 1663 1904 minusve

160 1948 411 2002 pubescenti
458 1944 509 1997 (c.
547 1955 656 1998 3-5
694 1959 794 1986 mm.
843 1942 927 1997 lg),
977 1944 1168 1996 oblonga
1212 1943 1278 1982 vel
1327 1942 1665 1993 ovato-oblonga

160 2026 226 2066 vel
249 2025 444 2078 elliptica,
479 2024 648 2076 longius
681 2023 746 2063 vel
780 2022 964 2062 breviter
986 2021 1229 2061 acuminata
1262 2020 1457 2059 acumine
1481 2024 1664 2071 angusto

149 2100 209 2154 =(c.
248 2113 268 2154 3
295 2116 396 2142 mm.
431 2099 504 2150 lt),
554 2101 676 2153 apice
714 2100 881 2147 obtusa,
928 2098 1375 2151 pellucido-punctata,
1426 2096 1663 2143 chartacea,

160 2193 285 2233 paene
317 2179 467 2232 glabra
499 2176 671 2229 (lamina
704 2191 738 2218 c.
776 2177 963 2228 2,5—-16
997 2182 1096 2216 ctm.
1132 2175 1186 2227 lg.
1228 2180 1270 2214 et
1302 2188 1336 2214 c.
1379 2174 1530 2223 1—4,8
1565 2179 1664 2212 ctrn.

160 2255 233 2308 lt.),
274 2269 402 2309 supra
441 2255 636 2296 obsolete
674 2255 739 2294 vel
773 2254 1181 2305 elevato-punctam,
1232 2264 1363 2291 nervo
1397 2250 1540 2290 medio
1574 2249 1666 2289 basi

161 2334 397 2387 saepissime
420 2333 712 2385 subimpresso
736 2345 882 2371 versus
911 2331 1077 2382 apicem
1103 2329 1367 2376 subelevato,
1401 2327 1666 2380 pubescenti,

161 2412 280 2452 venis
322 2417 503 2463 utroque
547 2410 677 2449 latere
718 2423 752 2450 c.
795 2408 986 2455 16—18,
1031 2406 1280 2458 venulisque
1313 2404 1544 2457 interjectis
1578 2404 1668 2443 reti-

152 2487 311 2529 culatis
344 2493 386 2527 et
417 2487 537 2527 venis
570 2485 887 2539 marginalibus,
922 2497 1104 2537 quorum
1137 2483 1348 2523 exteriore
1381 2495 1467 2521 non
1500 2494 1671 2533 semper

154 2565 396 2617 conspicua
428 2569 470 2604 et
502 2564 699 2603 interiore
731 2562 936 2602 validiore
969 2574 993 2601 a
1026 2561 1218 2612 margine
1251 2574 1285 2600 c.
1312 2570 1334 2599 2
1355 2573 1455 2598 mm.
1491 2563 1667 2606 remota,

163 2642 360 2690 elevatis,
410 2641 560 2681 subtus
608 2640 1018 2692 elevato-punctata,
1069 2650 1200 2677 nervo
1249 2637 1392 2676 medio
1442 2649 1575 2688 usque
1615 2634 1671 2674 ad

165 2719 332 2772 apicem
372 2719 659 2770 prominente,
702 2715 952 2769 pubescenti
992 2715 1059 2754 vel
1104 2713 1410 2766 glabrescenti,
1454 2713 1573 2752 venis
1606 2725 1671 2752 ve-

159 2796 359 2848 ·nulisque
391 2795 579 2835 elevatis.
643 2793 976 2833 Inflorescentiae
1008 2791 1245 2843 saepissime
1278 2790 1390 2830 binae
1423 2790 1589 2830 seriatae
1613 2802 1668 2828 ex

165 2873 304 2913 axillis
321 2872 646 2912 innovationum
664 2870 939 2911 novellarum.
1004 2865 1324 2908 Inflorescentia
1340 2867 1533 2919 superior
1556 2865 1672 2918 pani-

157 2950 306 2990 «culata
338 2949 409 2989 axi
442 2948 642 3001 primario
675 2948 888 2999 ramisque
936 2943 1219 2997 (inferioribus
1266 2944 1503 2997 saepissime
1547 2942 1670 2990 binis,

200 3113 231 3155 ⁵³²)
269 3116 403 3147 Nomen
430 3115 472 3146 ab
499 3110 633 3150 οξυόεις
660 3110 718 3152 (z
745 3108 968 3150 acuminatus)
995 3111 1180 3152 derivatum
1206 3115 1265 3141 est.
