2116 3447
1085 186 1138 225 36

357 329 527 368 scentiis
566 329 659 380 plus
693 329 885 367 minusve
925 327 1455 379 ferrugineo-tomentosls;
1504 327 1724 366 alabastris
1758 327 1860 365 obo-

356 406 519 445 voideis
567 405 688 457 apice
736 405 948 444 levissime
996 405 1318 455 obtussimeque
1361 403 1600 455 apiculatis3
1651 404 1800 455 petalis
1833 415 1859 452 4

355 482 558 534 operculo
592 481 922 520 adhaerentibus.

474 558 791 610 Descriptio:
858 558 980 597 Rami
1014 564 1181 605 teretes,
1217 558 1368 596 abortu
1408 570 1592 608 gemmae
1630 557 1860 596 terminalis

355 635 562 683 bifurcati,
598 635 745 687 glabri,
782 635 935 674 novelli
960 634 1054 686 pilis
1084 635 1298 686 adpressis
1332 633 1538 685 puberuli,
1573 647 1675 672 mox
1710 633 1857 685 glabri,

355 712 684 764 subcompressi.
766 711 948 763 Quaque
1007 711 1226 750 innovatio
1282 725 1334 750 ex
1391 711 1559 749 duobus
1612 711 1861 750 internodiis

354 796 542 836 constat,
594 802 773 840 quorum
821 788 992 828 inferius
1034 788 1331 827 brevissimum
1381 788 1467 826 duo
1501 787 1744 839 cataphylla
1792 784 1859 836 (ex

354 879 534 918 quorum
570 865 706 904 axillis
730 862 953 917 paniculae)
988 865 1180 917 superius
1214 864 1388 916 longum
1423 864 1508 902 duo
1543 863 1744 915 euphylla
1768 863 1858 903 fert.

354 943 399 982 In
434 956 602 995 quaque
636 942 787 981 horum
822 942 949 981 axilla
983 954 1155 994 gemma
1188 941 1354 988 insidet,
1390 954 1498 993 quae
1532 947 1683 992 postea
1706 941 1860 980 eodem
1889 991 1892 994 ἢ

355 1020 485 1058 modo
534 1025 579 1058 ut
611 1019 704 1058 axis
738 1025 929 1058 materna
963 1018 1181 1058 evolvitur.
1248 1018 1465 1057 Interdum
1505 1024 1647 1057 tamen
1688 1030 1860 1070 gemma

354 1097 483 1136 altera
517 1097 557 1135 in
591 1109 754 1135 ramum
790 1109 1038 1148 pygmaeum
1090 1092 1194 1145 (sine
1227 1095 1436 1147 euphyllis
1485 1101 1526 1133 et
1563 1108 1735 1146 gemma
1782 1100 1860 1134 ter-

354 1170 511 1223 minali)
545 1174 775 1219 excrescit,
826 1173 896 1224 qui
930 1186 983 1212 ex
1018 1172 1154 1211 axillis
1175 1171 1529 1223 ,cataphyllorum
1562 1172 1658 1210 loco
1691 1172 1860 1224 panicu-

354 1251 488 1290 larum
523 1250 821 1289 innovationes
857 1250 962 1289 duas
986 1250 1137 1293 ceteris
1161 1249 1393 1288 simillimas
1427 1246 1585 1298 (tamen
1623 1249 1713 1288 sine
1746 1249 1860 1300 pani-

357 1327 460 1367 culis
493 1341 546 1366 ex
581 1327 718 1366 axillis
752 1324 1109 1379 cataphyllorurn)
1144 1326 1234 1373 fert,
1285 1326 1385 1365 dum
1435 1325 1566 1365 altera
1613 1325 1653 1364 in
1696 1338 1861 1364 ramum

354 1418 407 1444 ex
442 1404 611 1443 duobus
634 1404 884 1443 internodiis
908 1403 1109 1443 brevibus
1136 1402 1403 1442 inferioribus
1426 1402 1758 1454 cataphylliferis
1791 1399 1860 1451 (ex

353 1481 490 1520 axillis
530 1481 741 1520 nonnullis
781 1480 1121 1532 cataphyllorum
1165 1480 1401 1532 saepissime
1435 1476 1658 1531 paniculae)
1701 1486 1742 1518 et
1775 1492 1861 1517 uno

353 1558 484 1610 longo
518 1558 736 1610 superiore
770 1557 1051 1610 euphyllifero
1094 1563 1363 1596 constantem
1397 1556 1618 1596 excrescit.
1699 1555 1769 1595 Sic
1803 1568 1861 1594 ra-

354 1635 557 1674 mificatio
606 1635 817 1674 interdum
863 1634 1080 1673 trifurcata
1128 1633 1185 1673 fit.
1264 1633 1384 1672 Folia
1431 1633 1601 1672 biennia
1650 1633 1862 1671 interdurn

353 1713 533 1752 triennia
583 1712 784 1764 opposita
832 1711 980 1763 glabra
1028 1712 1069 1750 in
1117 1717 1228 1749 statu
1274 1710 1448 1762 juvenili
1482 1710 1632 1749 subtus
1665 1709 1758 1761 pilis
1792 1710 1861 1748 ad-

354 1790 510 1841 pressis
557 1788 783 1841 puberula,
832 1788 1036 1840 petiolata
1084 1787 1243 1840 petiolo
1292 1787 1411 1827 tereti
1461 1800 1642 1839 superne
1684 1787 1859 1834 sulcato,

354 1866 458 1905 sulci
493 1865 756 1917 marginibus
790 1878 972 1916 superne
1006 1865 1140 1909 alatis,
1184 1864 1466 1916 irregulariter
1498 1877 1656 1915 rugoso
1702 1860 1860 1914 (9—12

354 1957 459 1982 mm.
495 1939 585 1994 lg.);
626 1942 827 1994 oblonga,
863 1942 953 1981 basi
988 1942 1027 1981 in
1062 1941 1267 1993 petiolum
1301 1947 1531 1989 attenuata,
1567 1941 1688 1993 apice
1720 1940 1863 1992 saepis-

354 2020 460 2059 sime
493 2020 736 2058 acuminata
775 2019 930 2058 obtusa
969 2019 1034 2058 vel
1069 2018 1287 2065 subacuta,
1330 2019 1370 2057 in
1410 2018 1587 2057 alterurn
1621 2018 1729 2056 latus
1768 2017 1862 2069 plus

356 2097 550 2136 minusve
584 2102 759 2135 curvata
792 2093 916 2145 (foliis
950 2095 1143 2147 ejusdem
1177 2095 1290 2147 paris
1323 2095 1363 2134 in
1394 2095 1507 2134 idern
1532 2095 1640 2134 latus
1663 2090 1862 2144 curvatis)

355 2174 579 2213 chartacea
627 2170 798 2223 (lamina
831 2186 865 2212 c.
906 2168 1076 2224 51s2——9
1110 2178 1207 2211 ctm.
1248 2172 1302 2224 lg.
1350 2177 1391 2211 et
1435 2185 1470 2211 c.
1507 2181 1618 2221 2—-3
1654 2176 1751 2210 ctm.
1787 2167 1858 2220 lt.)‚

355 2250 645 2302 impellucido-
679 2250 744 2289 vel
780 2250 820 2289 in
854 2255 965 2289 statu
997 2249 1164 2301 juniore
1198 2249 1378 2288 obscure
1412 2248 1859 2300 pellucido-punctam,

355 2340 484 2379 supra
518 2327 642 2366 laevia
665 2327 731 2366 vel
765 2329 805 2366 in
839 2334 950 2366 statu
979 2325 1147 2377 juniore
1180 2326 1452 2365 subtilissime
1477 2331 1517 2364 et
1540 2325 1751 2364 levissime
1784 2324 1861 2364 ele-

356 2403 882 2456 vato-fusco-punctulata‚
933 2403 1047 2443 rachi
1087 2403 1300 2442 levissime
1332 2402 1511 2449 elevato,
1561 2402 1704 2441 medio
1738 2415 1862 2454 paene

355 2487 446 2520 tota
479 2481 744 2532 longitudine
777 2480 956 2527 sulcata,
1010 2480 1128 2519 venis
1168 2486 1348 2531 utroque
1381 2479 1509 2518 latere
1543 2492 1576 2518 c.
1615 2489 1784 2529 20—-23
1820 2478 1861 2517 in

360 2557 506 2597 infima
540 2564 659 2609 parte
693 2557 862 2596 laminae
895 2557 1222 2608 erecto-patulis,
1259 2557 1299 2595 in
1333 2569 1531 2608 suprema
1565 2562 1684 2607 parte
1718 2561 1861 2607 paten-

356 2635 529 2674 tissimis
562 2640 750 2674 ceterum
785 2634 1042 2686 patentibus,
1078 2647 1173 2672 cum
1207 2633 1326 2672 venis
1359 2632 1662 2684 marginalibus
1695 2631 1862 2670 duabus

357 2718 399 2750 et
431 2711 594 2750 venulis
627 2711 858 2763 interjectis
891 2710 1038 2750 leviter
1070 2710 1257 2757 elevatis,
1292 2709 1441 2749 subtus
1475 2709 1607 2748 multo
1641 2708 1863 2760 pallidiora

358 2786 713 2839 fusco-punctam,
749 2787 863 2826 rachi
897 2787 1166 2839 prominente
1199 2786 1317 2825 venis
1350 2785 1597 2837 venulisque
1625 2785 1761 2836 magis
1784 2785 1861 2824 ele-

358 2864 479 2903 vatis.
544 2863 876 2903 Inflorescentiae
910 2863 1003 2915 pilis
1027 2863 1242 2915 adpressis
1274 2862 1367 2914 plus
1391 2862 1584 2901 minusve
1607 2861 1862 2913 ferrugineo-

357 2946 615 2980 tomentosae
665 2953 717 2979 ex
761 2939 1014 2992 cataphyllis
1054 2939 1378 2978 innovationum
1424 2938 1686 2978 novellarum
1735 2938 1862 2990 longe

358 3017 659 3069 pedunculatae
698 3016 940 3068 pedunculo
980 3016 1324 3068 plano—convexo
1364 3020 1543 3067 anguste
1576 3015 1862 3066 bimarginato

359 3091 408 3143 (c.
438 3088 605 3145 11s2—4
624 3098 722 3133 ctm.
748 3089 832 3144 lg),
867 3091 1184 3132 racemisormes
1217 3105 1312 3131 cum
1345 3091 1448 3131 flore
1469 3091 1690 3139 terminali,
1715 3096 1863 3143 quater
