2116 3447
1112 228 1163 256 22

501 370 569 409 42.
634 359 698 398 M.
735 359 1185 411 Beaurcpairiana
1226 373 1322 398 nov.
1358 372 1420 410 sp.
1488 354 1607 409 [Tab.
1647 359 1758 401 XIII,
1794 356 1846 409 (1.1

501 436 556 475 M.
594 437 719 475 ramis
754 436 929 475 novellis
972 435 1627 488 subquadrangulo-applanatis,
1670 436 1885 475 velutinis:

380 512 490 552 foliis
529 513 728 565 oblongis
771 513 836 551 vel
870 513 1271 564 elliptico-oblongis
1306 512 1375 551 vel
1406 512 1536 551 rarius
1569 511 1775 563 ellipticis,
1812 525 1884 550 sae-

382 590 556 642 pissime
589 589 682 641 plus
707 590 901 628 minusve
924 590 1188 634 acuminatis,
1223 589 1401 633 obtusis,
1437 588 1527 627 basi
1562 588 1811 627 brevissime
1844 589 1883 627 in

381 667 586 719 petiolum
614 666 855 711 attenuatis,
892 666 1487 711 chartaceo-membranaceis,
1523 665 1672 704 subtus
1706 665 1884 716 pallidis,

379 743 828 795 subfusco-punctatiS,
849 743 943 794 pilis
961 743 1176 794 adpressis
1200 742 1292 794 plus
1317 743 1510 781 minusve
1538 741 1883 794 pubescentibus,

379 820 578 859 dichasiis
615 819 878 871 3——7-floris,
918 819 1310 866 velutino—sericeis,
1354 819 1575 858 alabastris
1609 818 1883 870 ellipsoideis,

379 898 502 949 apice
536 896 818 943 acutiusculis‚
854 896 1242 936 velutino-sericeis.

498 974 815 1025 Descriptio:
852 973 976 1012 Rami
996 979 1151 1012 teretes
1170 973 1498 1025 glabrescentes,
1518 972 1669 1011 novelli
1690 971 1886 1023 sub-qua-

379 1051 846 1103 drangulo-applanati‚
883 1050 1066 1090 velutini.
1133 1049 1381 1102 Saepissime
1415 1062 1586 1101 gemma
1609 1049 1687 1088 sub
1713 1061 1886 1100 quoque

379 1141 498 1167 ramo
533 1128 700 1173 insidet,
735 1133 777 1166 et
810 1128 849 1166 in
884 1128 1059 1179 regione
1092 1126 1223 1166 florali
1248 1127 1395 1166 ramuli
1429 1139 1545 1178 saepe
1577 1126 1663 1165 bini
1698 1125 1881 1165 seriales.

378 1205 498 1244 Folia
539 1205 710 1244 biennia
749 1205 962 1256 opposita,
999 1204 1187 1256 petiolati
1223 1203 1382 1256 petiolo
1416 1203 1645 1243 semitereti
1682 1203 1883 1242 velutino-

378 1282 641 1334 pubescente
675 1278 724 1331 (c.
760 1292 875 1332 4—7
904 1294 1004 1320 mm.
1041 1280 1131 1333 lg),
1172 1281 1361 1332 oblonga
1394 1280 1459 1319 vel
1493 1279 1885 1332 elliptico-oblonga

377 1359 442 1399 vel
476 1359 607 1398 rarius
640 1359 836 1410 elliptica,
878 1358 1114 1410 saepissime
1148 1358 1241 1409 plus
1276 1358 1469 1396 minusve
1502 1357 1755 1402 acuminata,
1793 1357 1882 1395 basi

377 1436 628 1476 brevissime
671 1436 711 1475 in
746 1435 950 1488 petiolum
984 1441 1202 1474 attenuata
1235 1435 1356 1486 apice
1390 1434 1556 1480 obtusa,
1593 1434 1724 1473 dense
1758 1433 1885 1485 pellu-

375 1513 708 1565 cido-punctam,
741 1511 1315 1552 chartaceo-membranacea
1335 1510 1505 1560 (lamina
1520 1525 1554 1550 c.
1578 1521 1692 1561 2-—9
1711 1517 1809 1549 ctm.
1828 1510 1881 1561 lg.

379 1596 421 1630 et
441 1604 475 1629 c,
507 1599 657 1641 1-3‚5
680 1596 779 1630 ctm.
800 1587 872 1638 lt.),
898 1602 1026 1641 supra
1044 1588 1192 1641 glabra
1211 1586 1392 1635 (novella
1411 1588 1505 1640 pilis
1523 1587 1738 1639 adpressis
1756 1586 1885 1638 pube—

378 1667 553 1715 scentia,
595 1680 698 1706 mox
732 1664 940 1718 glabrata)
983 1666 1077 1718 plus
1111 1666 1304 1705 minusve
1338 1665 1570 1716 conspicue
1603 1663 1885 1716 irregulariter

375 1744 827 1796 elevato-glandulosa,
869 1757 1000 1783 nervo
1034 1743 1176 1782 medio
1211 1743 1282 1781 vix
1316 1742 1495 1787 elevato,
1546 1741 1637 1780 basi
1671 1741 1881 1780 interdum

375 1822 681 1873 subimpresso,
717 1822 835 1861 venis
869 1827 1049 1872 utroque
1072 1820 1200 1859 latere
1223 1833 1257 1859 c.
1291 1830 1337 1858 12
1364 1818 1612 1870 venulisque
1636 1817 1878 1870 interjectis,

375 1904 418 1938 et
457 1911 566 1938 vena
599 1898 819 1950 marginali
854 1904 1038 1942 arcuata,
1079 1910 1104 1936 a
1137 1897 1328 1948 margine
1367 1909 1401 1935 c.
1439 1906 1553 1945 2—4
1569 1909 1669 1934 mm.
1705 1900 1880 1939 remota,

376 1975 564 2022 elevatis,
589 1975 739 2014 subtus
763 1974 931 2027 pallida,
963 1973 1401 2025 subfusco-punctata,
1435 1973 1528 2024 pilis
1551 1972 1766 2024 adpressis
1790 1971 1883 2023 plus

376 2053 572 2092 minusve
617 2051 965 2104 pubescentibus,
1016 2064 1147 2090 nervo
1196 2050 1339 2090 medio
1387 2050 1592 2101 venisque
1642 2048 1883 2088 lateralibus

377 2129 730 2182 prominentibus,
767 2141 876 2168 vena
909 2127 1128 2180 marginali
1149 2127 1396 2179 venulisque
1430 2126 1616 2166 elevatis.
1682 2125 1886 2164 Dichasia

383 2205 620 2257 3—7-flora
669 2205 1035 2245 velutino-sericea
1083 2201 1151 2253 (ex
1191 2204 1328 2243 axillis
1366 2203 1706 2255 cataphyllorum
1747 2208 1788 2241 et
1820 2215 1887 2241 eu-

377 2283 619 2335 phyllorum
654 2283 979 2322 innovationum
1014 2281 1287 2321 novellarum.
1354 2279 1482 2332 Saepe
1515 2279 1716 2331 euphylla
1749 2279 1789 2318 in
1824 2291 1882 2317 ra-

375 2361 456 2399 mis
498 2359 690 2399 floriferis
732 2359 909 2411 delapsa
957 2365 1029 2398 aut
1069 2358 1177 2398 forte
1211 2371 1296 2397 non
1331 2357 1501 2397 evoluta
1548 2362 1590 2396 et
1640 2363 1730 2395 tum
1779 2356 1882 2394 rami

375 2437 481 2477 tales
521 2436 843 2476 inflorescentiis
883 2436 1134 2487 compositis
1182 2435 1339 2474 similes
1388 2440 1497 2473 sunt.
1564 2433 1792 2473 Pedunculi
1841 2438 1882 2471 et

378 2515 481 2554 rami
534 2513 821 2553 dichasiorum
870 2512 1485 2564 subquadrangulo-applanati
1540 2508 1798 2562 (pedunculo
1846 2522 1880 2547 c.

377 2601 642 2641 4—13m1n.
678 2588 762 2643 lg).
844 2590 1034 2629 Bracteae
1073 2589 1388 2641 bracteolaeque
1436 2588 1614 2627 lineares
1663 2586 1884 2625 alabastris

376 2681 412 2708 c.
438 2668 616 2707 dimidio
646 2667 875 2707 breviores.
941 2666 1088 2705 Flores
1121 2665 1289 2705 sessiles
1323 2665 1389 2705 vel
1422 2664 1671 2704 brevissime
1700 2662 1765 2701 vel
1796 2662 1884 2701 bre-

378 2745 485 2784 viter
518 2744 772 2796 pedicellati.
839 2743 1070 2783 Alabastra
1102 2742 1352 2794 ellipsoidea
1385 2739 1434 2790 (c.
1465 2754 1609 2790 4mm.
1643 2738 1726 2791 lg),
1763 2740 1884 2790 apice

375 2821 651 2865 acutiuscula,
687 2819 1065 2865 velutino-sericea‚
1101 2819 1256 2871 sepalis
1290 2818 1460 2857 duobus
1493 2816 1775 2856 exterioribus
1798 2815 1883 2854 lon-

378 2898 581 2950 gioribus,
637 2898 819 2949 primum
866 2896 1194 2936 conniventibus
1239 2895 1412 2934 demum
1462 2892 1670 2945 parallelis
1718 2892 1880 2931 erectis.

378 2973 535 3026 Sepala
583 2986 609 3023 4
649 2975 775 3013 etiam
825 2986 952 3025 supra
1000 2972 1377 3015 velutino-sericea,
1428 2970 1592 3009 circiter
1638 2968 1882 3021 aeqvilonga

375 3049 426 3101 (c.
466 3060 528 3101 3,5
552 3064 651 3090 mm.
688 3048 758 3099 lg.)
792 3050 874 3089 late
907 3057 1047 3094 ovata,
1083 3049 1295 3088 exteriora
1329 3047 1515 3098 longius,
1560 3046 1759 3085 interiora
1793 3045 1881 3083 bre-
