2116 3447
863 205 911 242 41

138 335 320 378 voideis.
371 335 492 386 apice
540 335 694 374 obtuse
738 334 1151 387 conico-apiculatis‚
1203 335 1353 386 petalis
1387 347 1412 384 4
1447 335 1645 374 obovatis

137 412 271 463 calyci
306 411 621 464 operculiformi
655 412 984 458 adhaerentibus,
1025 412 1216 463 germine
1251 411 1478 451 2-loculari.

256 489 584 541 Descriptio:
651 489 775 528 Rami
808 495 984 535 tereteS,
1036 488 1189 527 novelli
1239 489 1488 528 internodiis
1531 503 1644 529 com-

137 566 305 618 pressis,
341 566 488 617 glabri.
554 566 858 605 Innovationes
897 566 987 604 sine
1027 579 1199 617 gemma
1231 566 1462 613 terminali,
1514 580 1641 618 qvam

130 643 188 682 ob
237 657 325 682 rem
374 643 624 683 ramificatio
672 643 909 695 saepissime
955 642 1205 682 dichotoma
1238 649 1314 681 est.
1396 643 1641 683 Internodia

130 720 475 768 innovationum,
522 720 677 760 infimis
725 720 986 759 brevissimis
1035 716 1190 768 (adhuc
1238 732 1356 771 saepe
1395 720 1642 771 cataphylli-

129 795 254 850 geris)
304 798 515 850 exceptis,
571 797 771 849 elongata
820 797 986 849 apicem
1035 810 1182 836 versus
1230 797 1386 836 sensim
1433 797 1638 849 longiora.

131 875 251 914 Paria
300 875 494 915 foliorum
549 875 589 914 in
629 888 798 927 quaque
844 874 1120 913 innovatione
1161 883 1293 924 2-5‚
1341 874 1552 914 rarissime
1608 887 1637 914 1.

130 952 177 991 In
212 952 357 991 infima
388 952 511 991 tertia
548 952 613 991 vel
647 958 797 1004 quarta
830 958 950 1004 parte
982 952 1307 990 innovationum
1342 951 1441 990 folia
1473 965 1643 1003 semper

129 1030 306 1082 delapsa
338 1035 454 1075 sunt;
503 1043 526 1069 e
559 1029 826 1068 cicatricibus
870 1029 1041 1081 judico,
1086 1028 1179 1067 haec
1219 1028 1464 1080 cataphylla
1498 1028 1638 1069 fuisse.

130 1107 249 1146 Folia
296 1106 445 1146 saltem
495 1106 666 1145 biennia
713 1105 892 1154 (nescio,
944 1119 995 1144 an
1037 1106 1269 1144 vetustiora
1309 1119 1402 1145 esse
1444 1106 1637 1158 possint),

128 1183 351 1235 opposita,
403 1184 614 1230 coriacea,
656 1183 815 1235 glabra„
868 1183 1071 1235 petiolata
1120 1183 1280 1234 petiolo
1314 1184 1543 1222 semitereti
1578 1184 1643 1223 vel

128 1274 252 1313 paene
284 1261 417 1308 tereti,
452 1274 580 1312 supra
613 1260 790 1303 sulcato,
825 1260 975 1312 glabro
1010 1258 1059 1309 (c.
1088 1270 1232 1310 9—27
1254 1273 1353 1299 mm.
1384 1258 1467 1311 lg.=),
1504 1261 1642 1300 ovalia

127 1337 191 1377 vel
226 1337 545 1390 ovali-oblonga
594 1337 659 1377 vel
708 1337 920 1389 oblonga,
972 1337 1063 1376 basi
1112 1337 1298 1377 breviter
1345 1338 1385 1376 in
1436 1338 1639 1389 petiolum

128 1420 364 1462 attenuata,
415 1415 537 1467 apice
580 1415 819 1467 saepissime
861 1415 954 1467 plus
989 1415 1183 1454 minusve
1217 1414 1397 1466 abrupte
1432 1422 1473 1454 et
1506 1428 1640 1454 recur-

126 1498 223 1532 vate
269 1493 510 1531 acuminata
558 1490 729 1541 (lamina
776 1505 811 1532 c.
851 1501 1037 1543 5‚5—19
1071 1498 1184 1539 ctm.‚
1225 1492 1462 1544 saepissime
1511 1506 1545 1532 c.
1589 1502 1634 1543 13

126 1575 224 1609 ctm.
270 1569 324 1621 lg.
361 1575 403 1609 et
435 1583 468 1609 c.
507 1578 661 1620 2—7‚5
699 1575 797 1609 ctm.
840 1567 911 1619 lt.),
963 1570 1154 1621 margine
1188 1569 1475 1615 subrevoluta,
1518 1570 1638 1609 inter-

126 1646 228 1686 dum
261 1646 772 1698 subundulato-repanda,
808 1659 935 1698 supra
968 1660 1116 1698 sparse
1149 1652 1189 1685 et
1225 1646 1382 1693 leviter,
1425 1647 1635 1686 interdum

125 1723 319 1763 obsolete
352 1724 577 1776 impresso·
615 1720 670 1774 (et
704 1721 1007 1776 impellucido-)
1058 1730 1280 1775 punctam,
1326 1737 1457 1763 nervo
1492 1724 1635 1763 medio

125 1801 542 1853 impresso-sulcato,
593 1801 711 1840 venis
750 1801 1014 1847 lateralibus,
1066 1807 1246 1853 utroque
1294 1800 1424 1840 latere
1473 1801 1637 1841 circiter

131 1887 312 1929 17—25,
368 1891 465 1917 cum
506 1891 615 1918 vena
654 1878 875 1930 marginali
916 1878 1113 1930 proxime
1153 1879 1390 1930 marginem
1424 1878 1636 1918 levissime

124 1955 318 2003 elevatis,
361 1955 523 1995 venulis
556 1954 786 2006 interjectis
820 1955 1049 1994 reticulatis
1083 1956 1154 1994 vix
1190 1955 1444 2003 visibilibus,
1486 1956 1636 1994 subtus

123 2031 363 2084 pallidiora,
423 2046 571 2085 sparse
618 2031 1248 2085 subelevato-fusco-punctata‚
1307 2046 1437 2073 nervo
1491 2033 1635 2072 medio

125 2109 250 2149 valde
269 2110 551 2162 prominente,
586 2110 705 2149 venis
728 2109 984 2157 lateralibus,
1010 2123 1119 2149 vena
1142 2110 1363 2162 marginali
1388 2110 1636 2162 venulisque

121 2186 353 2238 interjectis
392 2187 621 2227 reticulatis
654 2188 756 2226 satis
789 2187 976 2227 elevatis.
1043 2187 1374 2227 Inflorescentiae
1407 2201 1461 2227 ex
1496 2187 1633 2227 axillis

120 2262 317 2303 foliorum
366 2269 408 2303 et
455 2264 714 2303 cicatricium
762 2264 1103 2316 cataphyllorum
1159 2265 1432 2317 delapsorum
1482 2266 1521 2304 in
1577 2266 1632 2304 in-

121 2339 272 2379 feriore
311 2347 431 2392 parte
470 2341 813 2389 innovationum,
851 2341 1148 2388 2--IO-florae,
1185 2343 1459 2394 compositae:
1507 2343 1629 2394 primi

121 2417 281 2457 ordinis
314 2419 469 2457 racemi
504 2418 856 2470 capstuliformes,
907 2419 1083 2458 secundi
1117 2419 1277 2458 ordinis
1319 2419 1509 2459 dichasia
1543 2420 1627 2458 uni-

120 2493 236 2534 flora.
302 2494 492 2534 Bracteae
526 2495 854 2547 squamiformes
887 2496 1103 2535 latissimae
1136 2496 1377 2535 rotundatae
1400 2510 1517 2548 saepe
1540 2496 1630 2536 bre-

120 2571 292 2610 vissime
325 2571 549 2623 apiculatae
581 2572 744 2624 glabrae
777 2573 969 2625 margine
1002 2572 1253 2613 brevissime
1286 2573 1450 2621 ciliatae,
1485 2580 1629 2613 tamen

120 2661 206 2687 non
255 2661 425 2700 semper
471 2647 522 2697 (c.
564 2660 577 2687 Ι
607 2662 706 2688 mm.
742 2649 797 2701 lg.
839 2655 881 2689 et
914 2663 947 2690 c.
992 2660 1134 2690 2mrn.
1171 2649 1248 2699 lt.);
1299 2651 1485 2690 bracteae
1535 2651 1631 2690 duae

120 2738 333 2777 supremae
357 2739 504 2765 vacuae
524 2726 1063 2778 compresso-complicatae
1086 2727 1152 2766 vel
1177 2741 1381 2767 concavae
1415 2725 1463 2778 (c.
1487 2739 1508 2767 2
1530 2741 1629 2767 mm.

119 2799 203 2854 lg).
283 2802 486 2842 Dichasia
527 2803 706 2842 uniflora
755 2803 1006 2843 brevissime
1051 2804 1339 2856 pedunculata
1388 2805 1631 2857 pedunculo

119 2892 264 2918 crasso
298 2876 347 2929 (c.
375 2890 397 2918 2
423 2893 523 2919 mm.
555 2879 714 2932 longo).
780 2880 1014 2920 Bracteolae
1039 2881 1380 2933 squamiformes,
1416 2882 1513 2921 latae
1537 2882 1630 2934 plus

119 2956 313 2995 minusve
346 2957 600 3001 rotundatae,
636 2957 873 3009 apiculatae.
917 2964 1041 2997 extus
1080 2959 1224 2998 medio
1258 2959 1532 2998 obtusissime
1566 2972 1632 2998 ca-

119 3032 278 3079 rinatae,
313 3033 487 3085 glabrae,
540 3034 732 3086 margine
765 3034 1017 3074 brevissime
1050 3035 1203 3074 ciliatae
1237 3032 1286 3085 (c.
1325 3046 1464 3086 3mm.
1500 3036 1554 3088 lg.
1590 3042 1632 3076 et
