2116 3447
879 106 951 146 171

162 238 271 276 natis
305 237 658 287 subfurfuraceis3
710 238 818 277 foliis
852 238 1087 277 chartaceis
1122 238 1579 290 pellucido-punctatis,
1620 239 1672 278 el-

160 314 316 366 lipticis
340 315 405 354 vel
429 315 641 367 oblongis,
678 315 842 354 obtusis
874 314 941 354 vel
965 315 1265 354 obtusiusculis
1289 315 1447 366 glabris
1480 312 1672 364 (novellis

160 391 310 430 subtus
359 389 724 441 subfurfuraceis);
774 392 974 431 dichasiis
1022 392 1198 443 singulis
1247 392 1311 431 vel
1350 392 1460 431 binis
1494 394 1669 441 seriatis,

159 467 1033 521 ferrugineo-furfuraceo-pubescentibus;
1089 469 1244 521 sepalis
1293 468 1670 521 subinaeqnalibus,

161 545 351 596 germine
385 545 884 597 compresso-turbinato,
926 546 1150 596 3-loculari.

279 622 600 674 Descriptio:
668 623 964 662 Rami-teretes
998 623 1179 675 glabrati
1228 621 1396 673 (novelli
1438 623 1668 674 applanati.

157 699 484 749 subfurfuracei)
530 713 647 751 saepe
690 699 776 739 bini
816 700 881 739 vel
923 713 1016 739 raro
1060 701 1166 739 terni
1212 700 1364 739 seriati.
1448 700 1566 739 Folia
1605 701 1672 740 tri-

157 777 283 815 ennia
317 778 530 829 opposita,
581 777 730 828 glabra
769 776 953 826 (novella
987 777 1136 816 subtus
1170 777 1502 825 subfurfuracea,
1540 778 1670 829 petio-

157 853 242 892 lata
275 854 434 905 petiolo
469 854 712 909 semitereti,
762 868 890 906 supra
923 855 1099 902 sulcato,
1157 868 1340 906 superne
1373 855 1569 894 subalato
1619 852 1668 904 (6.

158 941 272 982 4-7
308 945 409 970 mm.
446 928 530 983 19),
566 931 749 983 elliptica
783 932 849 971 vel
882 932 1083 983 oblonga,
1128 932 1219 971 basi
1254 932 1294 971 in
1329 932 1534 983 petiolum
1569 938 1670 971 atte-

158 1014 304 1055 nuata,
363 1009 484 1059 apice
533 1009 688 1048 obtusa
734 1009 798 1048 vel
847 1009 1158 1057 obtusiuscula,
1217 1009 1665 1061 pellucido-punctata,

158 1084 382 1124 chartacea
416 1082 586 1135 (lamina
620 1099 654 1125 c.
693 1087 892 1137 2,5-6‚5
929 1086 983 1138 lg.
1019 1092 1061 1125 et
1101 1096 1250 1137 1——2‚5
1288 1093 1386 1125 ctm.
1422 1085 1495 1133 ltj),
1541 1099 1668 1138 supra

157 1175 288 1201 nervo
322 1163 465 1201 medio
499 1162 711 1214 profunde
744 1163 966 1215 impresso,
1018 1164 1137 1202 venis
1171 1164 1419 1215 venulisque
1453 1163 1578 1215 plane
1612 1164 1668 1202 in-

156 1239 410 1290 conspicuis,
461 1239 612 1278 subtus
646 1240 867 1291 pallidiora
901 1240 1315 1292 elevato-punctam,
1358 1254 1488 1279 nervo
1523 1241 1667 1280 medio

155 1330 290 1368 usque
322 1317 376 1355 ad
411 1317 577 1368 apicem
611 1317 736 1357 valde
769 1318 1050 1369 prominente,
1102 1318 1220 1357 venis
1254 1324 1434 1370 utroque
1468 1317 1597 1358 latere
1630 1331 1664 1357 6.

163 1404 323 1433 10—21
364 1394 614 1446 venulisque
647 1394 878 1447 interjectis
912 1395 1141 1434 reticulatis
1189 1401 1231 1434 et
1279 1408 1387 1434 vena
1430 1395 1664 1446 marginali,

156 1483 180 1509 a
222 1472 414 1523 margine
462 1485 496 1511 6.
549 1483 560 1510 1
602 1485 701 1511 mm.
753 1478 929 1519 remota,
971 1473 1158 1512 elevatis.
1236 1473 1440 1511 Dichasia
1488 1472 1667 1512 uniflora

154 1548 321 1600 singula
369 1548 434 1587 vel
483 1548 583 1588 bina
630 1550 784 1588 seriata
832 1563 885 1589 ex
926 1550 1062 1589 axillis
1105 1549 1301 1589 foliorum
1341 1550 1665 1589 innovationum

156 1625 438 1673 novellarum,
500 1627 787 1678 pedunculata
835 1627 1078 1678 pedunculo
1127 1627 1360 1679 applanato
1409 1626 1665 1679 ferrugineo-

155 1701 663 1754 furfuraceo-pubescenti
712 1701 761 1754 (c.
801 1713 943 1755 5—10
976 1718 1076 1743 mm.
1112 1701 1196 1756 19).
1283 1705 1476 1744 Bracteae
1509 1711 1663 1752 ovatae,

156 1779 482 1827 obtusiusculae,
528 1781 619 1820 basi
668 1781 967 1828 subconnatae,
1019 1781 1666 1833 ferrugineo-furfuraceo-pube-

156 1863 324 1897 scentes
357 1855 406 1906 (6.
429 1868 542 1907 2—-4
562 1871 661 1898 mm.
687 1856 770 1910 lg).
836 1858 983 1898 Flores
1016 1859 1195 1898 sessiles.
1262 1858 1418 1911 Sepala
1441 1871 1480 1909 4,
1515 1859 1665 1899 subtus

156 1933 954 1987 ferrugineo-furfuraceo-pubescentia
1002 1949 1131 1987 supra
1180 1950 1304 1988 paene
1352 1936 1518 1988 glabra,
1570 1937 1664 1976 sub-

154 2011 392 2063 inaequalia,
443 2013 655 2051 exteriora
689 2013 1122 2065 ovato-triangularia,
1173 2014 1329 2053 obtusa
1362 2027 1504 2053 crassa
1551 2012 1602 2062 (6.
1640 2025 1660 2064 3

154 2102 254 2128 mm.
276 2087 360 2140 19),
396 2089 595 2129 interiora
628 2090 777 2130 latiora
810 2091 953 2130 medio
977 2104 1120 2130 crassa
1143 2091 1380 2142 marginem
1410 2092 1664 2143 apicemque

155 2179 301 2205 versus
332 2167 526 2206 tenuiora
558 2165 608 2215 (6.
645 2179 670 2216 4
701 2181 800 2207 mm.
836 2164 921 2219 19).
993 2168 1136 2207 Petala
1168 2180 1195 2218 4
1228 2168 1311 2207 late
1344 2169 1483 2207 ovalia
1516 2168 1665 2219 glabra

155 2240 204 2292 (c.
244 2252 261 2294 5
300 2257 399 2283 mm.
441 2241 525 2295 19).
605 2243 800 2284 Stamina
847 2245 995 2296 glabra
1043 2245 1083 2284 in
1133 2245 1403 2297 receptaculo
1452 2246 1665 2298 subpube-

154 2320 287 2359 scenti
342 2318 492 2372 (usque
539 2322 593 2360 ad
651 2335 685 2361 c.
743 2333 785 2360 11
832 2336 932 2362 mm.
989 2320 1073 2374 19).
1157 2322 1344 2362 Germen
1398 2336 1664 2375 compresso-

153 2397 415 2436 turbinatum
457 2397 1251 2451 ferrugineo·furfuraceo-pubescens,
1301 2399 1540 2439 triloculare
1580 2400 1663 2451 913-

154 2475 288 2514 centis
320 2474 692 2523 subbilamellntis‚
729 2482 849 2528 parte
882 2489 1082 2528 suprema
1121 2476 1252 2516 libera
1285 2477 1514 2528 subplana,
1565 2490 1663 2529 qua-

154 2551 419 2603 drangulari,
470 2565 594 2604 paene
627 2552 796 2605 glabra,
847 2553 959 2604 stylo
1005 2554 1046 2592 in
1086 2560 1206 2605 parte
1239 2553 1423 2593 inferiori
1458 2554 1663 2606 adpresse

153 2628 487 2680 subpubescenti
521 2626 570 2678 (c.
607 2640 630 2681 7
665 2643 765 2669 mm.
801 2627 885 2682 lg.).

271 2723 479 2775 Eugeniae
526 2724 779 2764 llffz'ersianae
824 2724 984 2765 Gardn.
1020 2731 1062 2764 et
1094 2725 1145 2764 E.
1174 2725 1401 2777 planipedi
1431 2726 1574 2766 Hook.
1621 2733 1664 2766 et

154 2799 259 2840 Arn.
296 2799 404 2840 forte
437 2801 584 2841 affinis.

273 2878 349 2908 Rio
376 2877 424 2908 de
447 2878 633 2918 Janeiro.
685 2875 858 2917 <Glaziou:
888 2890 920 2910 n.
953 2876 1089 2918 17006).
