2116 3447
1084 195 1221 255 118—

361 338 493 377 dense
527 336 993 389 pellucido-punctatis;
1043 337 1244 377 dichasiis
1283 337 1472 376 unifloris
1506 351 1559 377 ex
1593 337 1730 377 axillis
1763 344 1873 378 cata—

361 414 604 467 phyllorum
637 404 966 454 innovationum
1002 415 1286 463 novellarum,
1337 421 1410 454 aut
1442 415 1653 454 interdum
1687 429 1874 455 racemo-

360 492 452 539 sim,
471 492 764 543 corymbosim
781 492 846 531 vel
866 491 1126 531 umbellatim
1148 492 1188 531 in
1208 491 1379 531 ramulis
1398 493 1611 544 pygmaeis
1627 493 1873 545 cataphylli-

365 569 477 621 geris
510 568 749 617 collocatis3
797 569 1020 609 alabastris
1069 569 1152 609 late
1186 569 1463 616 obovoideis,
1514 569 1669 621 sepalis
1702 570 1873 609 semior-

359 646 632 693 bicularibus,
657 647 848 698 germine
871 647 1102 694 turbinato,
1128 646 1616 699 adpresse-pubescenti,
1643 646 1871 687 2-loculari.

479 724 795 776 Descriptio
845 723 1117 764 Ramificatio
1142 723 1459 776 monopodialis
1482 724 1695 763 interdum
1721 724 1873 764 abortu

360 814 546 853 gemmae
580 801 645 840 vel
669 801 957 841 innovationis
980 801 1213 841 terminalis
1236 801 1498 841 dichotoma.
1565 801 1689 841 Rami
1718 807 1874 842 teretes

360 879 515 930 glabri,
577 878 731 918 novelli
789 879 1039 918 internodiis
1087 878 1727 931 subquadrangulo-applanatis
1779 879 1874 918 sub-

360 956 659 1009 pubescentes.
725 956 971 996 Internodia
1003 965 1112 1007 3—5
1140 955 1285 996 infima
1319 953 1513 1009 (quorum
1549 957 1729 1008 plurima
1761 956 1874 996 elon-

359 1031 474 1086 gata)
524 1034 849 1073 innovationum
899 1034 1161 1074 novellarum
1208 1034 1453 1086 cataphylla
1506 1033 1701 1086 (quorum
1751 1047 1875 1086 paene

360 1112 505 1150 omnia
529 1111 608 1150 sub
627 1112 793 1151 anthesi
813 1109 1017 1163 delapsa),
1053 1112 1293 1151 internodia
1323 1123 1429 1162 1—3
1450 1125 1650 1164 suprema
1673 1111 1875 1163 euphylla

360 1194 526 1240 gerunt.
593 1188 713 1228 Folia
746 1202 886 1228 annua
920 1190 1143 1242 opposita,
1191 1189 1395 1241 petiolata
1449 1189 1610 1241 petiolo
1643 1188 1874 1229 semitereti

359 1279 488 1318 supra
529 1266 810 1306 canaliculato
843 1267 1145 1319 angustissime
1185 1267 1298 1306 alato
1339 1267 1624 1319 glabrescenti
1673 1264 1722 1316 (c.
1761 1275 1870 1317 3—-5

360 1357 460 1383 mm.
497 1340 582 1395 lg),
617 1344 1013 1396 obovato-elliptica
1036 1344 1101 1384 vel
1132 1344 1328 1396 elliptica,
1365 1344 1555 1396 oblonga
1578 1344 1643 1383 vel
1667 1344 1874 1383 obovato-

358 1420 567 1473 oblonga,
618 1421 710 1460 basi
745 1422 838 1474 plus
878 1423 1072 1462 minusve
1111 1422 1293 1474 abrupte
1327 1423 1366 1461 in
1401 1421 1606 1474 petiolum
1641 1427 1872 1468 attenuata,

359 1498 480 1550 apice
514 1498 670 1538 obtusa
702 1499 766 1538 vel
810 1500 940 1538 rarius
975 1500 1222 1545 rotundata,
1274 1499 1574 1551 angustissime
1621 1499 1872 1551 marginata,

360 1575 493 1615 dense
526 1576 978 1628 pellucido-punctam,
1015 1577 1357 1629 membranacea,
1393 1576 1487 1629 pilis
1520 1577 1735 1628 adpressis
1761 1589 1873 1628 spar-

359 1652 537 1692 sissimis
586 1654 823 1705 praesertim
865 1654 1016 1694 subtus
1057 1654 1420 1707 subpubescentia
1468 1654 1533 1694 ve'l
1568 1666 1692 1705 paene
1725 1653 1874 1705 glabra

358 1727 530 1780 (lamina
548 1745 582 1770 c.
604 1732 719 1780 4-6
738 1737 837 1771 ctm.
858 1732 912 1783 lg.
936 1738 977 1771 et
996 1745 1029 1771 c,
1053 1742 1163 1781 2-—3
1183 1737 1281 1772 ctm.
1303 1728 1374 1781 lt.),
1395 1745 1522 1783 supra
1541 1732 1672 1770 dense
1691 1731 1874 1770 elevato-

359 1814 576 1859 punctata,
612 1822 744 1848 nervo
779 1809 921 1848 medio
956 1810 1027 1848 vix
1061 1809 1228 1849 elevato
1253 1810 1293 1848 in
1318 1809 1460 1848 media
1484 1814 1603 1861 parte
1626 1814 1716 1848 tota
1750 1821 1874 1860 paene

357 1884 625 1937 longitudine
665 1886 848 1932 sulcato,
899 1887 1018 1926 venis
1063 1893 1244 1939 utroque
1283 1887 1412 1926 latere
1446 1897 1592 1937 9—10
1624 1885 1873 1937 venulisque

359 1962 590 2014 interjectis
625 1964 853 2003 reticulatis
887 1970 928 2003 et
962 1965 1080 2004 venis
1114 1964 1281 2003 duabus
1315 1963 1642 2016 marginalibus,
1693 1976 1872 2014 quarum

358 2039 556 2080 interiore
590 2054 614 2079 a
647 2042 839 2093 margine
879 2055 913 2080 c.
957 2051 1108 2092 1,5—2
1149 2055 1249 2080 mm.
1286 2047 1467 2087 remota,
1504 2041 1651 2080 leviter
1682 2040 1870 2087 elevatis,

358 2117 509 2157 subtus
558 2118 781 2169 pallidiora
825 2119 1013 2171 sparsius
1062 2118 1688 2170 subfusco-elevato-punctata,
1740 2129 1871 2156 nervo

359 2195 503 2234 medio
538 2195 636 2243 lato,
672 2196 1137 2248 applanato-conveXO,
1180 2196 1298 2235 venis
1332 2195 1580 2247 venulisque
1614 2195 1762 2234 leviter
1793 2194 1872 2233 ele-

358 2272 479 2311 vatis.
561 2273 765 2312 Dichasia
810 2273 989 2313 uniflora
1036 2274 1203 2325 singula
1251 2287 1303 2312 ex
1349 2272 1485 2311 axillis
1527 2271 1869 2323 cataphyllorum

359 2348 685 2389 innovationum
735 2351 1010 2390 novellarum.
1092 2351 1307 2390 Interdum
1349 2350 1550 2401 euphylla
1583 2348 1871 2388 innovationis

359 2425 485 2477 plane
519 2427 673 2467 desunt
706 2434 747 2467 et
780 2434 868 2467 tum
904 2441 1045 2467 ramus
1087 2429 1181 2468 talis
1224 2442 1300 2480 pro
1341 2427 1607 2479 longitudine
1640 2426 1765 2478 hujus
1798 2432 1870 2464 aut

358 2516 530 2543 racemo
564 2511 636 2544 aut
669 2505 879 2557 corymbo
928 2512 999 2545 aut
1048 2505 1246 2545 umbella}
1295 2505 1440 2544 similis
1489 2511 1564 2544 est.
1641 2502 1871 2542 Pedunculi

359 2581 646 2622 dichasiorum
687 2582 962 2622 uniflororum
997 2583 1403 2635 applanato·teretes
1427 2581 1796 2633 subpubescentes
1819 2576 1868 2629 (c.

359 2658 638 2709 6—15,mm.
676 2658 759 2712 lg.)
825 2660 1062 2699 Bracteolae
1096 2660 1178 2698 late
1212 2665 1371 2705 ovatae,
1422 2658 1588 2698 obtusae
1623 2657 1784 2709 glabrae
1818 2653 1867 2706 (c.

361 2745 383 2773 2
419 2750 519 2776 mm.
556 2734 639 2788 lg).
719 2737 865 2777 Flores
907 2737 1087 2776 sessiles.
1154 2736 1385 2775 Alabastra
1424 2736 1506 2774 late
1540 2734 1785 2774 obovoidea
1818 2730 1867 2782 (c.

363 2821 426 2863 5,5
464 2827 564 2854 mm.
601 2814 684 2866 lg).
751 2813 908 2866 Sepala
940 2825 966 2863 4
1000 2814 1168 2865 glabra,
1218 2826 1365 2865 sparse
1413 2810 1869 2862 elevato-glanduloso-

360 2896 576 2942 punctata,
618 2891 769 2938 ciliata,
810 2891 973 2930 extima
1009 2890 1371 2930 semiorbicularia
1411 2888 1462 2938 (c.
1500 2899 1522 2928 2
1558 2902 1658 2928 mm.
1694 2885 1778 2939 lg),
1814 2887 1870 2926 in-

358 2967 463 3007 tima
496 2981 620 3019 paene
653 2968 907 3007 orbicularia
940 2965 989 3016 (c.
1025 2979 1051 3017 4
1085 2981 1184 3006 mm.
1221 2964 1304 3018 lg).
1379 2965 1521 3005 Petala
1554 2977 1599 3014 4,
1651 2978 1774 3016 paene
1807 2976 1870 3003 or-

359 3044 582 3092 bicularia,
632 3041 846 3096 glabrass).
913 3043 1108 3083 Stamina
1141 3043 1289 3095 glabra
1338 3041 1387 3093 (c.
1427 3051 1445 3093 5
1483 3055 1582 3081 mm.
1618 3038 1702 3093 lg).
1769 3040 1869 3080 Ger-

393 3136 424 3177 *)
453 3139 535 3170 Mihi
563 3144 692 3170 tantum
719 3150 757 3170 ex
785 3139 960 3170 alabastris
989 3143 1077 3169 nota,
