2116 3447
754 719 1142 788 Praefatio

316 958 441 1027 Non
474 989 557 1026 sine
590 988 784 1026 anxietate
817 989 886 1025 has
918 986 1266 1025 determinationes
1299 989 1587 1036 Myrtacearum
1614 988 1703 1023 Bra-

196 1063 409 1134 siliensium
442 1095 654 1133 lectoribus
687 1094 923 1132 doctissimis
957 1093 1141 1132 exhibere
1174 1094 1314 1131 audeo.
1396 1093 1556 1142 Species
1597 1092 1702 1131 enim

195 1204 306 1252 hujus
338 1202 496 1240 familiae
529 1201 759 1239 difficillime
792 1200 1113 1245 determinantur,
1149 1199 1288 1249 partim
1323 1200 1430 1248 quod
1462 1212 1620 1248 genera,
1663 1207 1704 1237 ut

194 1322 326 1347 verum
375 1309 518 1354 dicam,
567 1308 651 1346 sine
699 1307 914 1345 seminibus
954 1307 1114 1344 maturis
1162 1320 1245 1344 non
1294 1314 1401 1345 certo
1449 1305 1702 1344 determinari

194 1423 357 1465 possunt
389 1423 427 1453 et
453 1416 682 1464 plerumque
711 1421 861 1452 tantum
881 1414 1099 1463 specimina
1132 1413 1310 1451 florentia
1334 1413 1525 1459 videmus,
1561 1412 1701 1461 partim

194 1523 301 1572 quod
333 1530 438 1560 notae
471 1534 576 1571 saepe
609 1521 816 1559 mutabiles
855 1528 944 1558 sunt
983 1528 1020 1558 et
1052 1520 1233 1565 incertae,
1284 1519 1455 1557 maxime
1503 1519 1610 1568 quod
1651 1519 1702 1557 ad

193 1629 286 1667 folia
319 1629 467 1674 attinet,
502 1642 590 1677 quae
623 1628 662 1665 in
696 1628 836 1666 eodem
870 1627 1086 1676 specimine
1119 1626 1383 1664 diversissima
1412 1638 1496 1664 esse
1523 1633 1699 1675 possunt.

313 1735 351 1773 Si
385 1747 534 1773 errores
566 1734 937 1772 determinationum
973 1734 1011 1771 in
1046 1745 1164 1782 opere
1197 1746 1307 1779 meo,
1351 1740 1392 1770 ut
1424 1745 1552 1782 spero,
1586 1732 1701 1782 pauci

193 1850 300 1888 sunt,
342 1843 417 1880 hoc
449 1841 542 1879 inde
575 1842 718 1879 factum
753 1849 828 1885 est,
878 1841 984 1890 quod
1017 1839 1235 1889 specimina
1268 1841 1318 1877 ab
1351 1839 1444 1888 ipsis
1478 1838 1701 1877 auctoribus

193 1951 254 1986 De
277 1949 482 1994 Candolle,
517 1950 630 1997 Berg,
666 1947 884 1986 Grisebach
917 1946 1176 1985 determinata
1209 1959 1229 1984 e
1263 1946 1406 1984 museis
1440 1945 1698 1991 Berolinensi,

191 2054 436 2101 Monacensi,
472 2054 708 2100 Holmiensi,
745 2053 995 2103 Gottingensi
1031 2054 1106 2090 huc
1139 2052 1257 2091 missa
1288 2053 1382 2091 vidi.

309 2161 598 2199 Professoribus
651 2162 835 2207 Urban,
891 2161 1175 2206 Radlkofer‚
1230 2159 1485 2206 Wittrock,
1544 2161 1697 2205 Peter,

190 2267 280 2305 viris
312 2267 560 2314 doctissimis,
595 2280 760 2316 quorum
793 2266 1069 2305 benevolentia
1103 2267 1178 2304 hoc
1210 2266 1368 2304 efficere
1400 2265 1521 2315 potui,
1556 2265 1699 2315 gratias

190 2387 307 2423 quam
340 2374 530 2412 maximas
562 2387 649 2423 ago.
