2116 3447
1174 176 1227 214 82

446 317 1064 368 vato-fuscescenti-punctata,
1122 330 1253 356 nervo
1302 317 1446 355 medio
1494 317 1782 368 prominente,
1838 318 1956 356 venis

443 394 687 433 lateralibus
730 406 924 445 venaque
965 393 1185 445 marginali
1226 393 1424 433 interiore
1465 393 1742 441 subelevatis,
1792 394 1955 434 venulis

443 471 673 523 interjectis
717 471 929 510 levissime
962 470 1156 517 elevatis,
1204 471 1357 522 partim
1390 471 1758 510 evanescentibus.
1840 472 1956 510 Pani-

443 548 562 588 culae
596 545 646 598 (c.
683 548 842 597 4‚6—9
866 554 964 587 ctm.
1001 548 1054 599 lg
1090 554 1132 587 et
1164 561 1198 587 c.
1235 548 1388 598 2,6——5
1416 553 1514 586 ctm.
1551 544 1609 596 lt.)
1643 548 1955 599 pedunculatae

443 622 704 677 (pedunculo
754 624 949 676 glabrato
990 624 1416 676 subangulato-tereti
1458 625 1551 676 plus
1585 624 1779 664 minusve
1813 625 1955 677 appla-

443 708 558 749 nato,
594 715 628 741 c.
667 712 867 751 2,2—-4,3
893 707 992 741 ctm.
1028 700 1112 753 lg),
1156 702 1362 753 plurimae
1401 715 1455 741 ex
1495 701 1632 740 axillis
1665 702 1955 753 superioribus

444 786 485 819 et
518 779 728 830 supremis
763 779 1100 823 innovationum,
1136 792 1232 830 quae
1266 779 1558 829 corymbosim
1593 779 1633 818 in
1668 779 1789 830 apice
1823 792 1954 818 ramo-

445 870 536 895 rum
573 856 795 907 dispositae
830 863 938 902 sunt,
981 857 1088 895 sicut
1121 856 1400 908 congregatio
1436 856 1724 907 panicularum
1760 856 1955 907 corymbi

445 935 593 985 magni
618 933 764 972 similis
789 939 852 972 est
865 930 914 982 *).
1001 933 1112 972 Axis
1146 933 1369 985 primarius
1403 933 1594 985 ramique
1632 939 1673 972 et
1706 933 1853 972 ramuli
1887 946 1955 972 an-

443 1010 828 1062 gulato-applanati
879 1011 1072 1062 glabrati.
1153 1009 1471 1050 Infiorescentia
1520 1009 1641 1062 primi
1692 1016 1732 1049 et
1780 1010 1956 1049 secundi

444 1088 626 1126 ordinis:
677 1088 833 1126 racemi
868 1087 970 1126 flore
1003 1087 1225 1133 terminali,
1276 1088 1385 1126 tertii
1420 1087 1780 1139 pseudodichasia
1828 1087 1955 1126 ramis

444 1165 731 1211 brevissimis,
769 1165 901 1204 ultimi
935 1166 1095 1204 ordinis
1129 1165 1319 1204 dichasia
1352 1164 1542 1203 uniflora.
1610 1165 1755 1204 Flores
1788 1164 1956 1204 sessiles

447 1242 512 1281 vel
548 1242 800 1281 brevissime
835 1242 1087 1294 pedicellati.
1154 1242 1385 1281 Alabastra
1408 1242 1598 1281 obovata
1631 1239 1680 1291 (c.
1702 1254 1846 1291 4mm.
1868 1239 1952 1293 lg).

445 1318 603 1371 Sepala
641 1329 658 1370 5
697 1319 926 1358 rotundata
959 1332 1168 1365 concava,
1204 1327 1329 1358 extus
1363 1319 1523 1370 glabra,
1565 1319 1676 1358 intus
1709 1319 1858 1370 glabra
1891 1319 1955 1358 vel

443 1397 648 1448 adpresse
682 1396 1057 1448 subpubescentia,
1101 1397 1350 1436 brevissime
1384 1396 1619 1443 subciliata‚
1667 1396 1956 1448 inaequilonga

443 1470 604 1524 (infima
638 1487 671 1513 c.
700 1485 712 1512 Ι
739 1487 838 1512 mm.
860 1474 930 1525 lg,
966 1487 1166 1525 suprema
1190 1487 1225 1512 c.
1254 1483 1312 1524 1,5
1333 1487 1432 1512 mm.
1460 1471 1542 1525 lg).
1612 1473 1754 1512 Petala
1792 1482 1808 1524 5
1832 1486 1956 1524 paene

444 1550 708 1597 orbicularia,
735 1564 938 1597 concava,
965 1551 1116 1597 ciliata‚
1151 1557 1276 1590 extus
1301 1551 1504 1602 adpresse
1528 1551 1818 1602 pubescentia,
1844 1551 1956 1589 intus

444 1628 592 1680 glabra
625 1626 675 1676 (c.
705 1639 725 1678 3
748 1641 847 1667 mm.
876 1626 959 1679 lg).
1026 1627 1220 1667 Stamina
1253 1628 1401 1679 glabra
1434 1628 1546 1678 stylo
1580 1628 1788 1667 breviora.
1855 1626 1955 1667 Ger-

444 1718 541 1744 men
576 1706 837 1744 turbinatam
871 1705 1065 1756 glabrum
1101 1705 1343 1751 biloculare,
1380 1705 1492 1755 stylo
1527 1705 1676 1757 glabro
1710 1702 1759 1754 (c.
1792 1705 1819 1743 6
1853 1718 1953 1744 mm.

444 1781 528 1834 lg).
598 1782 897 1834 Hypanthium
931 1796 1059 1834 supra
1099 1796 1273 1834 germen
1315 1783 1570 1834 productum
1605 1789 1730 1821 extus
1769 1788 1810 1821 et
1844 1782 1955 1821 intus

444 1859 653 1911 glabrum.

565 1943 723 1973 Glaziou:
754 1954 784 1973 n.
819 1943 939 1982 13893.

574 2075 664 2124 187.
730 2073 794 2112 ΛΥ,
830 2073 1275 2112 Dz'driclcsetzz'ana
1311 2073 1489 2112 Kiaersk.

564 2149 837 2202 Aulomyrcia
871 2150 1082 2189 bracteam
1117 2150 1227 2201 Berg
1260 2157 1293 2193 al
1322 2167 1349 2187 c.
1388 2168 1419 2197 p.
1449 2156 1540 2196 554).

566 2244 710 2296 Quum
750 2245 838 2297 jam
882 2259 1037 2284 nomen
1083 2245 1262 2297 Myrcioe
1300 2245 1521 2284 bracteatoe
1560 2245 1651 2285 DC.
1701 2244 1862 2294 (Prodr.
1900 2244 1957 2283 III

440 2328 488 2374 'p.
527 2320 624 2373 245)
660 2323 884 2369 inxenstur,
928 2336 1083 2362 nomen
1118 2336 1276 2361 novum
1311 2323 1412 2362 dare
1446 2336 1621 2362 necesse
1653 2322 1741 2362 fuit.

568 2400 618 2429 Ad
649 2400 781 2429 Bahia
808 2401 887 2440 legit
916 2400 1128 2430 Didrichsen.

574 2531 664 2569 188.
730 2529 794 2568 ΛΠ.
835 2543 1043 2568 exsucca
1094 2530 1183 2570 DC.
1240 2547 1326 2567 *nec.
1354 2537 1526 2567 Cambess.
1561 2547 1632 2567 nee.
1654 2534 1749 2577 Miq.)
1780 2536 1850 2566 DC.
1880 2536 1957 2565 Pro·

447 2607 554 2637 drom.
584 2607 645 2637 III.
674 2618 705 2647 p.
736 2614 812 2645 247.

572 2666 883 2701 ›Garanhuus‹,
913 2668 1008 2696 Prov.
1038 2667 1323 2697 Pernambuco
1353 2678 1394 2697 m.
1416 2668 1491 2708 Jun.
1520 2678 1593 2697 cum
1622 2667 1694 2697 flor„
1721 2672 1753 2697 et
1780 2666 1875 2696 fruct.
1903 2665 1958 2695 im-

449 2725 593 2755 maturis.
652 2726 829 2756 »stramem
886 2724 1054 2763 (Schenek
1083 2737 1115 2755 n.
1143 2734 1245 2763 4212,
1276 2723 1393 2765 4223).

568 2807 639 2846 Fo
654 2821 671 2846 r
686 2821 761 2846 ma
795 2809 985 2859 germine
1022 2808 1248 2858 3<loculari.

568 2884 727 2914 Glaziou.
758 2895 788 2914 n.
821 2885 942 2922 14810.

486 3047 517 3084 *)
550 3050 740 3090 praesertim,
782 3061 883 3090 quum
923 3050 1064 3090 plurima
1102 3051 1182 3081 folia
1221 3051 1353 3082 novella
1393 3056 1427 3081 ut
1463 3051 1495 3081 in
1523 3052 1604 3082 meis
1631 3051 1870 3091 speciminibus
1903 3051 1956 3082 de-

546 3108 639 3149 lapsa
667 3117 754 3139 sunt.
