2116 3447
930 175 1006 216 115

215 306 326 345 intus
345 306 1042 360 ochraceo·serrugineo-villosum.
1085 307 1241 360 Sepala
1259 309 1484 361 inaequalia
1502 310 1585 349 late
1600 310 1723 350 trian-

215 383 390 435 gularia,
440 384 551 423 intus
584 385 1236 437 ochraceo-ferrugineo-villosa.
1318 386 1461 425 Petala
1494 387 1605 426 intus
1638 387 1723 439 gla-

214 460 415 509 berrima,
463 475 612 513 grosse
661 462 1164 514 pellucidoglandulosa,
1216 469 1403 502 ceterum
1454 470 1498 502 ut
1540 464 1723 503 stamina

214 537 394 589 plurima
427 545 469 578 et
497 539 633 590 stylus
662 539 702 578 in
735 540 912 578 dimidia
941 545 1061 591 parte
1090 539 1288 579 inferiore
1320 540 1722 580 ochraceo-villosus

213 620 378 654 tanturn
412 629 466 655 ex
500 616 722 655 alabastris
756 622 869 656 nota.

332 691 396 732 M.
421 693 683 744 sessz‘lffolz'oe
701 693 882 733 Kiaersk.
919 693 1116 745 proxime
1149 693 1285 733 affinis
1315 694 1380 733 vel
1415 693 1523 734 forte
1555 700 1721 734 tantum

212 769 394 808 varietas
428 769 552 822 hujus
590 771 761 822 speciei.

335 846 467 888 »Gipfel
493 847 552 878 des
579 847 747 888 Tijuca,
776 848 841 878 Rio
868 849 909 879 de
932 848 1067 889 Janeiro
1096 856 1134 878 21
1151 848 1224 889 Jan.
1249 847 1347 887 1887.
1401 848 1541 879 Dichter
1569 850 1721 880 Strauch.

213 906 427 947 Campform‹
460 903 517 944 (H.
546 907 717 938 Schenck:
747 918 778 938 n.
807 905 923 946 2182).

332 1038 428 1076 261.
495 1037 559 1076 M.
585 1037 904 1089 sessz'lzsolia
932 1038 1112 1078 Kiaersk.
1183 1044 1363 1075 Gomidesia
1406 1045 1583 1085 Regeliana
1635 1046 1722 1086 Berg

211 1113 246 1151 <L
273 1124 301 1144 c·
328 1125 361 1154 p.
392 1110 483 1154 535).

329 1178 473 1231 Quum
509 1193 665 1220 nomen
699 1179 880 1232 Myrcioe
911 1180 1161 1233 Regelz'anoe
1203 1180 1315 1233 Berg
1354 1181 1445 1233 jam
1494 1181 1720 1230 invenitnr,

210 1269 367 1296 nomen
401 1256 649 1309 specificum
683 1258 895 1309 corrigere
928 1271 1103 1298 necesse
1137 1257 1225 1297 fuit.

329 1331 574 1386 Specimina
613 1347 709 1374 mea
747 1334 847 1374 folia
880 1335 1002 1387 apice
1036 1335 1440 1375 rotundato-obtusa
1481 1336 1546 1376 vel
1581 1342 1720 1376 rotun-

208 1410 309 1450 data
341 1417 383 1450 et
415 1424 532 1463 saepe
565 1412 711 1464 sepala
744 1424 770 1462 4
803 1412 976 1452 habent.

327 1488 484 1519 Glaziou:
513 1497 546 1519 11.
578 1489 701 1521 16068.

327 1617 516 1671 Subgen.
552 1632 591 1670 4.
641 1623 981 1671 Myrceugonia
1014 1617 1154 1673 (Berg)
1189 1621 1371 1661 Kiaersk.
1457 1628 1543 1659 Gen.
1572 1628 1720 1668 Mvrcen-

203 1696 301 1736 genia
328 1696 415 1737 Berg
442 1693 476 1735 (l.
505 1707 533 1728 c.
560 1708 593 1738 p.
623 1694 715 1737 210).
772 1698 814 1728 N.
844 1699 922 1729 262.

327 1786 423 1825 262.
489 1785 813 1838 Mplam'pes
845 1784 1004 1837 (Hook.
1027 1793 1068 1827 et
1085 1785 1208 1838 Arn.)
1229 1788 1410 1827 Kiaersk.
1476 1795 1628 1835 Eugenia
1646 1796 1719 1835 pla-

206 1862 294 1902 nipes
320 1863 412 1893 Hok.
439 1869 471 1894 et
497 1865 578 1894 Arn.
608 1861 736 1901 (Hook.
764 1865 838 1896 Bot.
867 1865 961 1896 Misc.
992 1865 1042 1895 III
1070 1876 1101 1906 p.
1125 1862 1218 1905 323).

325 1922 436 1953 Minas
475 1923 616 1954 Geraes:
658 1924 812 1955 Caldas
856 1935 898 1955 m.
939 1924 1014 1955 Oct.
1054 1935 1128 1955 cum
1168 1924 1240 1956 flor.
1285 1924 1369 1956 1861
1412 1922 1466 1963 (A.
1501 1926 1536 1956 F.
1576 1926 1719 1967 Regnell

206 1981 250 2011 N.
279 1981 329 2011 111
360 1979 451 2022 570)-

325 2111 553 2153 Subtribus
586 2126 625 2164 4.
660 2112 992 2165 Eugenioideae
1027 2114 1139 2167 Berg
1172 2118 1206 2159 (1.
1235 2132 1261 2152 e.
1290 2132 1322 2162 p.
1352 2118 1445 2162 213).

569 2206 709 2247 ACGa
742 2209 864 2262 Berg.
930 2212 1085 2254 (Linnaea
1112 2225 1153 2256 27
1182 2228 1214 2258 p.
1247 2214 1335 2257 138).

325 2285 480 2324 Fructu
514 2286 664 2338 ignoto
698 2287 780 2326 hoc
813 2300 948 2339 genus
982 2288 1106 2328 valde
1140 2288 1316 2328 dubium
1351 2295 1427 2328 est.
1493 2288 1593 2341 Quo
1622 2289 1717 2341 jure

206 2360 415 2401 Bentham
450 2369 491 2402 et
524 2363 703 2403 Hooker
735 2361 856 2413 (Gen.
893 2365 1024 2416 plant.
1060 2365 1075 2403 I
1111 2379 1150 2417 9.
1181 2364 1279 2417 713)
1313 2366 1395 2405 hoc
1428 2366 1483 2405 ad
1516 2365 1716 2406 Psidz'um

207 2437 392 2478 referunt
425 2440 583 2480 nescio.

325 2547 422 2597 263.
485 2547 574 2587 Aa*
610 2547 963 2588 Glnziovz'ana
1002 2562 1116 2588 nova
1148 2563 1261 2601 spec.
1331 2546 1451 2601 [Tab.
1487 2550 1540 2598 X,
1576 2546 1625 2602 6.]

324 2622 379 2663 Α.
415 2623 524 2663 foliis
557 2625 751 2664 ovalibus
784 2626 906 2677 apice
939 2626 1124 2666 breviter
1156 2626 1349 2678 abrupte,
1385 2628 1623 2679 saepissime
1657 2641 1716 2667 re-

204 2702 669 2750 curvato—acuminatis3
720 2702 919 2742 dichasiis
952 2703 1140 2742 unifloris
1173 2703 1214 2742 in
1249 2704 1444 2743 umbellis
1489 2718 1542 2744 ex
1577 2704 1715 2744 axillis

204 2790 416 2817 ramorum
442 2779 711 2827 adultiorum,
747 2779 1047 2819 defoliatorum
1078 2779 1318 2829 collocatis;
1353 2781 1545 2833 germine
1578 2781 1714 2833 sphae·

203 2854 585 2895 roideo-turbinato
619 2855 1138 2909 ferrugineo-tomentoso,
1182 2857 1397 2897 2-loculari
1430 2857 1578 2897 loculis
1611 2858 1714 2897 rnul—

203 2931 431 2972 tiovulatis.
1160 2987 1165 2994 .

322 3009 640 3061 Descriptio:
706 3010 831 3049 Rami
864 3016 1019 3050 teretes
1052 3010 1210 3062 glabri,
1260 3011 1413 3051 novelli
1455 3010 1711 3063 ferrugineo—

202 3086 455 3134 tomentosi,
506 3086 755 3125 internodiis
802 3087 1055 3139 applanatis.
1136 3087 1257 3127 Folia
1304 3101 1445 3127 annua
1494 3088 1708 3140 opposita,

1368 3173 1407 3207 8*
