2116 3447
1124 184 1200 222 108

524 324 862 376 Descriptio:
943 325 1068 365 Rami
1126 331 1281 365 teretes
1330 325 1528 377 glabrati‚
1586 325 1740 364 novelli
1794 326 1915 365 inter-

406 401 545 440 nodiis
594 401 718 441 valde
766 402 1007 454 applanatis
1056 401 1911 453 ferrugineo-ochraceo-villoso-pilosis.

409 478 529 517 Folia
562 491 703 518 annua
743 476 802 528 (ut
835 477 1028 529 videtur),
1069 480 1282 532 opposita,
1319 478 1523 531 petiolata
1556 479 1715 530 petiolo
1750 479 1913 518 semite—

406 555 481 595 reti
516 569 644 607 supra
677 556 840 596 sulcato
875 556 1024 596 villoso
1058 557 1123 596 vel
1158 556 1465 608 villoso-piloso
1500 552 1548 605 (e.
1569 557 1683 606 6-7
1703 569 1802 595 mm.
1828 552 1913 607 lg.)‚

407 632 632 672 chartacea
681 632 817 672 forma
870 634 1250 686 magnitudineque
1298 633 1422 672 valde
1471 632 1707 680 variabilia,
1770 638 1915 671 ovato-

407 710 597 761 oblonga
646 710 711 749 vel
760 710 949 762 oblonga
1000 711 1065 750 vel
1108 711 1345 750 lanceolata
1385 707 1531 760 (rarius
1572 710 1761 749 obovata
1793 711 1915 762 apice

406 784 575 837 retusa),
606 787 709 826 ·basi
743 788 898 827 obtusa
930 788 997 827 vel
1029 794 1166 835 acuta,
1208 789 1330 839 apice
1363 787 1518 827 obtusa
1563 787 1629 826 vel
1663 794 1799 836 acuta,
1850 788 1915 828 vel

409 864 594 904 breviter
641 865 884 904 acuminata
930 862 1101 915 (lamina
1148 879 1182 904 c.
1219 876 1406 916 4,3—>—22
1442 871 1540 905 ctm.
1576 864 1630 916 lg.
1681 871 1722 904 et
1762 875 1914 916 1‚4—-7

408 947 507 981 ctrn.
544 939 615 990 lt.),
666 942 1116 994 pellucido-punctata,
1166 955 1294 994 supra
1327 942 1420 994 pilis
1453 942 1655 981 brevibus
1703 942 1917 994 adpressis

408 1031 535 1070 parce
569 1018 727 1070 pilosa,
779 1033 910 1058 nervo
953 1021 1097 1059 medio
1140 1020 1287 1059 leviter
1334 1020 1544 1072 impresso
1592 1018 1914 1071 villoso-piloso,

407 1096 526 1135 venis
575 1102 756 1149 utroque
809 1097 938 1136 latere
992 1111 1025 1137 c.
1084 1098 1249 1137 16——28
1285 1111 1381 1136 curn
1431 1097 1549 1136 venis
1598 1096 1915 1147 marginalibus,

409 1186 588 1225 quarum
622 1173 786 1213 interna
825 1187 849 1213 a
883 1175 1074 1227 margine
1108 1175 1271 1214 circiter
1306 1185 1418 1224 3——4
1453 1187 1552 1213 mm.
1594 1180 1759 1213 remota
1792 1187 1917 1213 venu-

409 1250 542 1302 lisque
577 1251 805 1290 reticulatis
839 1251 1069 1304 interjectis
1103 1252 1339 1304 impressis,
1390 1251 1542 1290 areolis
1575 1248 1813 1303 praesertim
1847 1251 1917 1290 ad-

410 1341 556 1367 versus
591 1329 824 1380 marginem
859 1329 953 1381 plus
987 1330 1180 1369 minusve
1214 1329 1439 1376 convexis,
1484 1329 1699 1380 praecipue
1733 1328 1773 1366 in
1808 1327 1917 1367 foliis

410 1405 704 1453 adultioribus,
739 1406 889 1445 subtus
923 1407 1159 1458 pallidiora,
1199 1420 1331 1445 nervo
1365 1406 1508 1445 medio
1548 1406 1815 1457 prominente
1849 1405 1918 1444 vil-

410 1482 503 1521 loso
522 1482 660 1534 piloso
695 1483 759 1522 vel
793 1483 950 1535 piloso,
1002 1484 1119 1523 venis
1153 1484 1396 1523 lateralibus
1429 1496 1524 1522 cum
1560 1483 1678 1522 venis
1711 1483 1921 1534 margina-

410 1559 519 1598 libus
553 1566 594 1599 et
628 1560 789 1599 venulis
823 1561 1051 1600 reticulatis
1085 1560 1315 1612 interjectis
1349 1561 1523 1600 elevatis
1553 1560 1737 1599 breviter
1760 1560 1918 1611 pilosis,

411 1637 562 1676 areolis
606 1638 821 1690 praecipue
870 1639 909 1677 in
965 1637 1074 1677 foliis
1128 1637 1408 1677 adultioribus
1452 1637 1545 1689 plus
1588 1638 1782 1676 minusve
1825 1651 1921 1676 con-

415 1715 544 1754 cavis,
610 1714 941 1755 Inflorescentiae
965 1729 1019 1754 ex
1044 1715 1180 1754 axillis
1215 1715 1410 1754 foliorum
1445 1715 1682 1766 saepissime
1715 1715 1920 1763 omnium,

415 1804 599 1844 superne
632 1792 845 1841 solitariae,
881 1792 1042 1832 inferne
1076 1806 1193 1844 saepe
1226 1793 1323 1832 duae
1347 1793 1525 1840 seriatae,
1561 1805 1739 1844 quarum
1772 1791 1917 1830 infima

413 1869 583 1908 brevior
615 1867 740 1919 estss),
791 1867 839 1919 (e.
879 1879 1106 1921 3,5—-10‚5
1144 1877 1242 1910 ctm.
1279 1867 1448 1921 longae),
1499 1869 1742 1921 pea³uncu10
1776 1868 1919 1921 appla-

414 1953 514 1985 nato
555 1947 835 1986 villoso-hirto
883 1945 1058 1997 (1,5—4
1092 1954 1190 1987 ctm.
1242 1946 1312 1999 lg.)
1361 1946 1635 1998 compositae:
1686 1946 1808 1998 primi
1857 1959 1920 1984 or-

415 2024 524 2063 dinis
561 2023 879 2064 racemiformes
919 2024 1022 2064 flore
1060 2024 1287 2071 terminali,
1328 2024 1500 2076 paribus
1540 2036 1755 2062 ramorum
1791 2032 1918 2074 3—5,

414 2102 541 2140 ramis
585 2102 794 2154 supremis
837 2116 950 2153 saepe
983 2102 1244 2141 brevissimis
1284 2101 1574 2153 superioribus
1614 2100 1826 2139 interdum
1867 2100 1921 2139 al-

413 2178 698 2227 ternantibus,
741 2180 916 2218 secundi
962 2179 1122 2218 ordinis
1168 2179 1358 2218 dichasia
1398 2177 1641 2228 1-—9-flora,
1692 2177 1824 2216 ultimi
1859 2191 1919 2216 or-

414 2255 523 2294 dinis
557 2256 747 2295 dichasia
780 2256 970 2296 uniflora.
1051 2257 1296 2295 Internodia
1340 2256 1432 2295 axis
1466 2255 1652 2307 primarii
1687 2260 1727 2294 et
1760 2255 1920 2306 pedun-

413 2333 492 2371 euli
524 2330 673 2385 (usque
696 2334 750 2372 ad
777 2343 821 2385 15
844 2347 944 2373 mm.
970 2330 1041 2385 lg.)
1075 2334 1362 2373 dichasiorum
1387 2332 1630 2384 applanata,
1666 2331 1921 2383 ferrugineo-

413 2410 933 2451 ochraceo-villoso-hirta.
1006 2411 1196 2450 Bracteae
1245 2410 1562 2461 bracteolaeque
1601 2409 1694 2460 plus
1727 2409 1922 2448 minusve

413 2486 721 2538 cymbiformes
754 2488 958 2540 oblongae
992 2488 1057 2528 vel
1087 2488 1337 2527 lanceolatae
1361 2488 1471 2526 intus
1495 2486 1655 2538 glabrae
1690 2492 1814 2525 extus
1848 2485 1921 2525 fer-

412 2565 1000 2616 rugineo-ochraceo-villosae
1039 2564 1089 2613 (c.
1127 2575 1236 2616 3—5
1271 2578 1371 2604 mm.
1406 2561 1490 2616 lg).
1571 2563 1802 2602 Alabastra
1834 2562 1920 2614 glo-

414 2641 788 2681 boso-obovoidea
822 2643 984 2682 sessilia
1017 2640 1066 2691 (c.
1102 2654 1127 2692 4
1162 2655 1261 2681 mm.
1297 2640 1381 2693 lg).
1463 2640 1649 2680 Germen
1698 2653 1795 2679 cum
1844 2640 1917 2691 hy-

414 2718 592 2769 panthio
625 2719 882 2758 obconicum
918 2719 1342 2758 ochraceo-villosum
1377 2718 1620 2765 biloculare,
1655 2717 1801 2756 loculis
1831 2716 1918 2755 bio-

414 2796 578 2835 vulatis.
645 2795 884 2847 Hypanthii
925 2809 1022 2848 pars
1056 2796 1186 2835 libera
1220 2796 1302 2835 late
1335 2794 1634 2834 crateriformis
1677 2794 1788 2833 intus
1831 2794 1920 2832 bre-

450 2994 479 3033 *)
507 2999 607 3038 Apud
636 3009 737 3028 unum
765 2998 985 3039 speciminum
1014 3008 1162 3028 meorum
1198 2998 1230 3027 in
1259 2997 1365 3027 axillis
1392 2996 1546 3026 foliorum
1574 2995 1662 3036 paris
1689 2994 1793 3024 infimi
1821 3004 1919 3034 supra

510 3057 790 3088 inflorescentiam
820 3067 974 3097 magnam
1003 3067 1112 3087 ramus
1139 3066 1260 3097 parvus
1287 3065 1452 3096 gemmam
1480 3054 1686 3085 terminalem
1707 3063 1861 3093 magnam
1888 3058 1919 3083 et

510 3117 592 3147 (luas
620 3117 883 3147 inflorescentias
911 3116 1062 3147 laterales
1082 3126 1200 3156 gerens
1220 3116 1351 3146 insidet.
