2116 3447
1136 213 1190 262 98

407 354 516 393 vatis
564 353 630 393 vel
687 353 1150 406 spathulato-obovatis
1199 354 1265 395 vel
1313 355 1444 394 rarius
1493 354 1920 406 oblongo-obovatis,

407 431 529 482 apice
561 431 800 470 rotundatis
843 431 907 470 vel
952 431 1129 479 obtusis,
1179 431 1417 484 saepissime
1462 432 1748 483 emarginatis,
1799 434 1921 472 venis

406 507 656 560 venulisque
694 508 1050 547 evanescentibus
1089 508 1155 548 vel
1195 508 1420 557 obsoletis;
1470 507 1792 548 inflorescentiis
1837 510 1917 549 sin·

406 585 515 637 gulis
548 584 614 624 vel
647 585 861 624 interdum
896 585 1006 624 binis
1039 585 1203 625 seriatis
1236 599 1290 625 ex
1325 585 1462 625 axillis
1495 586 1820 625 innovationum
1845 599 1920 626 no-

406 662 630 711 vellarum3
668 662 859 714 germine
893 662 1026 702 dense
1059 662 1530 715 strigoso-pubescenti,
1567 663 1796 713 3—loculari.

526 738 844 790 Descriptio:
905 738 1029 778 Rami
1054 739 1607 792 subquadrangulo-teretes
1631 740 1919 792 pubescentes

405 817 471 856 vel
511 816 842 868 glabrescentes.
924 816 1044 855 Folia
1077 817 1298 869 opposita,
1349 816 1554 868 petiolata
1602 817 1762 869 petiolo
1795 817 1921 857 serni·

405 893 526 933 tereti
560 906 689 945 supra
723 893 1004 932 canaliculato
1037 893 1188 945 glabro
1221 893 1272 942 (c.
1298 906 1324 944 4
1350 907 1450 934 mm.
1481 891 1566 946 lg),
1602 900 1783 945 anguste
1816 895 1921 933 obo—

405 977 504 1011 vata
527 970 593 1010 vel
616 970 1071 1022 spathulato-obovata
1104 970 1169 1010 vel
1193 971 1324 1010 rarius
1348 971 1761 1023 oblongo-obovata,
1796 971 1921 1023 apice

405 1048 635 1087 rotundata
668 1047 733 1087 vel
767 1048 936 1095 obtusa,
970 1048 1209 1099 saepissime
1242 1048 1527 1100 emarginata,
1571 1048 1663 1087 basi
1698 1054 1917 1087 attenuata

405 1125 598 1177 margine
636 1125 844 1173 revoluto,
887 1125 1083 1177 glabrata
1116 1122 1299 1175 (novella
1331 1123 1640 1178 pubescentia),
1675 1125 1921 1165 chartaceo·

405 1203 621 1250 coriacea,
671 1200 721 1250 (c.
765 1213 918 1252 1‚1—-4
951 1208 1050 1242 ctm.
1098 1202 1152 1254 lg.
1203 1210 1245 1242 et
1277 1211 1479 1254 0‚5——2‚5
1517 1208 1615 1242 ctrn.
1666 1199 1738 1252 lt.)‚
1788 1215 1921 1254 supra

405 1293 553 1333 sparse
587 1279 1556 1332 elevato—fuscescenti-impellucido-punctata,
1604 1293 1736 1320 nervo
1770 1280 1916 1319 medio

405 1357 674 1404 subelevato,
725 1357 843 1397 venis
891 1364 1072 1409 utroque
1113 1357 1244 1397 latere
1286 1371 1320 1398 c.
1356 1368 1502 1408 9-—10
1536 1370 1632 1396 cum
1667 1369 1777 1396 vena
1809 1369 1914 1396 mar-

405 1435 533 1487 ginali
568 1447 592 1474 a
624 1434 816 1486 margine
850 1434 1015 1474 circiter
1054 1443 1114 1485 1,5
1152 1448 1253 1474 mm.
1289 1440 1454 1474 remota
1485 1434 1699 1474 levissime
1738 1433 1919 1473 elevatis

405 1512 470 1552 vel
504 1511 860 1551 evanescentibus
893 1511 959 1551 vel
993 1511 1119 1563 plane
1151 1511 1376 1560 obsoletis,
1427 1511 1576 1551 subtus
1625 1524 1772 1563 sparse
1820 1510 1915 1549 sub-

406 1590 857 1642 impresso-punctam,
908 1602 1040 1628 nervo
1080 1589 1224 1628 medio
1257 1589 1545 1641 prominente,
1597 1588 1716 1627 venis
1764 1600 1921 1627 evane-

405 1666 623 1706 scentibus
661 1665 727 1705 vel
760 1665 999 1717 saepissime
1033 1666 1159 1717 plane
1192 1666 1409 1706 obsoletis.
1490 1665 1694 1705 Dichasia
1738 1664 1921 1704 uniflora.

406 1745 445 1783 in
492 1743 816 1783 inflorescentiis
866 1742 1235 1783 racemiformibus
1282 1743 1386 1783 flore
1433 1742 1642 1783 terminali
1692 1742 1919 1790 collocata,

406 1822 618 1861 rarissime
650 1820 849 1860 solitaria.
915 1819 1246 1860 Inflorescentiae
1280 1819 1598 1860 racemiformes
1632 1819 1823 1871 singulae,
1859 1819 1913 1858 in·

404 1899 573 1938 terdum
607 1898 720 1937 binae
753 1897 919 1937 seriatae
953 1897 1171 1949 superiore
1205 1897 1379 1950 majore,
1423 1911 1477 1937 ex
1511 1896 1649 1936 axillis
1682 1896 1919 1935 innovatio-

406 1989 507 2015 num
542 1975 817 2022 novellarum,
858 1973 909 2022 (c.
946 1985 1057 2025 2—3
1085 1980 1184 2014 ctm.
1219 1971 1305 2026 lg.),
1340 1974 1638 2026 pedunculatae
1673 1972 1921 2025 pedunculo

406 2052 456 2101 (c.
499 2062 650 2104 1,5-2
685 2058 787 2091 ctm.
821 2048 893 2103 lg.)
927 2065 1024 2090 cum
1057 2051 1127 2090 axi
1162 2052 1547 2104 applanato-tereti,
1583 2050 1919 2102 strigoso-pube-

406 2136 587 2170 scentes,
667 2129 859 2169 Bracteae
902 2128 1312 2168 lineari-lanceolatae
1354 2127 1659 2167 obtusiusculae
1707 2127 1773 2167 vel
1822 2140 1917 2166 acu-
1957 2134 1960 2135 ’

405 2207 597 2247 tiusculae
629 2205 1120 2258 strigoso-pubescentes
1154 2203 1202 2255 (c.
1241 2216 1262 2244 2
1298 2219 1398 2245 mm.
1434 2202 1519 2256 lg).
1586 2204 1789 2243 Dichasia
1828 2203 1914 2243 uni-

407 2283 512 2323 flora
544 2296 693 2336 sparsa
725 2283 1013 2335 pedunculata
1046 2282 1288 2334 pedunculo
1312 2281 1685 2334 applanato·tereti
1716 2281 1917 2332 strigoso-

408 2361 659 2413 pubescenti
703 2357 752 2409 (c.
790 2361 902 2400 2—-6
934 2373 1034 2400 mm.
1070 2356 1154 2411 lg.).
1234 2359 1470 2399 Bracteolae
1503 2358 1916 2397 lineari-lanceolatae

408 2438 699 2485 acutiusculae,
750 2437 1240 2489 strigoso-pubescentes
1288 2435 1336 2486 (c.
1379 2445 1440 2486 1,5
1477 2449 1578 2476 mm.
1619 2433 1704 2487 lg.).
1769 2434 1917 2474 Flores

408 2515 589 2554 sessiles.
660 2514 892 2554 Alabastra
925 2514 1116 2553 obovata
1148 2511 1198 2563 (c.
1235 2524 1257 2552 2
1293 2527 1392 2553 mm.
1433 2509 1517 2565 lg.).
1584 2511 1771 2552 Germen
1803 2511 1917 2550 trilo-

409 2592 548 2631 culare
588 2605 684 2631 cum
719 2591 960 2643 hypanthio
1000 2591 1132 2630 dense
1177 2590 1635 2643 strigoso-pubescens,
1701 2587 1857 2641 Sepala
1894 2596 1917 2639 5

409 2668 674 2721 subaequalia
712 2681 836 2720 paene
874 2668 1035 2719 glabra,
1076 2668 1227 2707 ciliata.

527 2745 810 2797 Aulomyrciae
843 2745 1006 2784 obtecta?
1038 2745 1151 2796 Berg
1183 2744 1331 2783 affinis.

529 2822 686 2853 Glaziou:
717 2833 748 2852 n.
776 2822 855 2862 885.

824 2917 855 2947 b.
909 2916 1004 2947 Folia
1030 2922 1181 2956 angusta.
1232 2916 1275 2947 N.
1304 2923 1502 2955 229—231.

763 2995 789 3018 1.
842 2987 936 3018 Folia
969 2987 1040 3017 basi
1068 2993 1247 3018 attenuata.
1300 2987 1341 3017 N.
1371 2994 1568 3025 229—230.

532 3086 583 3114 22
620 3108 627 3115 .
692 3075 757 3115 M.
792 3074 1160 3114 Lcnlzez'rensis
1194 3075 1374 3115 Kiaersk.
1451 3080 1665 3121 Eugeniqssis
1702 3079 1916 3120 angustisblia

410 3148 497 3187 Berg
524 3143 558 3183 (l.
586 3157 613 3176 c.
642 3157 672 3186 p.
706 3142 795 3186 143).
