2116 3447
1114 124 1191 166 152

396 255 596 306 oblongis
636 256 699 295 vel
740 257 871 295 rarius
905 256 1098 308 ellipticis
1146 258 1210 298 vel
1245 258 1458 306 ovalibus,
1507 259 1789 299 subobovatis
1837 261 1910 301 vel'

398 332 491 384 plus
540 333 733 372 minusve
778 333 1044 382 obcordatis,
1095 348 1179 373 non
1220 335 1676 387 pellucido-punctatis,
1724 337 1911 388 glabrisg‘.

398 408 721 449 inflorescentiis
782 409 890 449 foliis
939 411 1206 450 brevioribus
1259 411 1650 463 glabrescentibus3
1713 415 1911 465 germine*

396 486 612 526 turbinato
662 487 755 539 pilis
803 488 1018 539 adpressis
1063 489 1341 540 sparsissirnis
1394 489 1555 536 obsitO,
1605 490 1908 541 glabrescenti,

398 563 625 604 2-loculari.

516 641 837 693 Descriptio:
915 641 1040 681 Rami
1088 648 1243 682 teretes
1291 642 1438 694 glabri.
1521 643 1640 682 Folia
1687 645 1907 696 opposita,¹

396 718 563 770 glabra,
614 719 819 770 petiolata
866 719 1027 770 petiolo
1066 720 1309 767 semitereti‘,
1354 733 1524 772 rugoso,
1575 734 1703 772 supra
1740 721 1912 761 sulcato·

397 792 446 845 (c.
482 796 595 845 4—8
631 809 731 836 mm.
767 793 851 847 lg.)‚
902 796 1091 848 oblonga
1131 796 1196 836 vel
1236 796 1629 849 elliptico-oblonga
1669 797 1733 838 vel
1773 799 1911 838 rarius·

397 872 582 924 elliptica
616 873 681 912 vel
715 872 854 912 ovalia
887 873 1160 912 subobovata
1199 873 1267 913 vel'
1298 874 1392 926 plus
1426 875 1623 914 minusve
1652 874 1910 924 obcordata„

396 949 487 988 basi
521 956 646 989 acuta
678 950 744 989 vel
778 950 951 998 obtusa,
1001 951 1123 1003 apice
1156 950 1340 990 breviter
1373 952 1614 991 acuminata
1647 951 1803 991 obtusa
1835 953 1901 992 vel

396 1027 528 1066 rarius
562 1027 791 1066 rotundata
825 1028 890 1067 vel
924 1028 1201 1079 emarginata,
1254 1025 1307 1078 (c.
1342 1029 1499 1079 2,8—9
1533 1035 1633 1069 ctm.
1668 1029 1721 1081 lg.
1758 1035 1799 1068 et
1838 1031 1910 1078 1,8†

395 1115 523 1154 —3,3
559 1110 658 1144 ctm.
694 1101 766 1154 lt.),
802 1105 1007 1153 coriacea,
1050 1118 1135 1144 non
1170 1105 1618 1158 pellucido-punctam,
1669 1099 1797 1158 supra
1830 1119 1911 1146 sae*-

397 1181 572 1234 pissime
606 1182 1052 1234 impresso-punctam,
1089 1182 1220 1221 rarius
1244 1196 1328 1221 non
1354 1189 1570 1234 punctata,
1606 1197 1736 1223 nervo
1761 1184 1911 1223 medio

397 1259 690 1311 subimpresso
740 1259 805 1299 vel
847 1246 1168 1311 vix-impresso
1218 1260 1258 1299 in
1301 1266 1420 1311 parte
1459 1260 1604 1299 infima
1643 1261 1910 1309 subsulcato,

397 1337 515 1375 venis
564 1343 745 1388 utroque
793 1336 922 1376 latere
965 1350 998 1376 c.
1042 1347 1207 1387 12—-13
1244 1337 1492 1389 venulisque
1526 1338 1756 1390 interJ'ectis
1805 1352 1914 1377 non—

397 1414 518 1453 nullis
567 1420 609 1453 et
657 1427 765 1453 vena
809 1414 1029 1465 marginali
1064 1420 1249 1462 arcuata,
1300 1427 1323 1453 a
1357 1415 1549 1466 margine
1582 1428 1620 1454 c.
1655 1426 1767 1465 2—4
1801 1429 1910 1455 mm..

397 1497 576 1539 remota,
627 1491 864 1542 saepissime
913 1491 1060 1530 leviter
1093 1491 1334 1543 impressis,
1381 1504 1474 1530 raro
1508 1491 1701 1539 elevatis,
1752 1492 1910 1531 subtus*

397 1568 554 1620 pallida
602 1568 696 1620 plus
745 1568 939 1607 minusve
987 1568 1264 1620 inconspicue
1313 1568 1473 1607 minute
1516 1568 1913 1621 elevato-punctata.

397 1646 462 1685 vel
496 1646 567 1684 vix
602 1651 819 1697 punctam,
861 1658 993 1684 nervo
1027 1646 1170 1684 medio
1204 1645 1329 1685 valde
1363 1646 1644 1697 prominente,
1686 1646 1805 1686 venis
1839 1660 1913 1686 νεῖ--

397 1723 592 1775 nulisque
625 1722 815 1774 pluribus
857 1722 951 1774 plus
985 1723 1180 1762 minusve
1213 1722 1401 1762 elevatis.
1482 1722 1814 1763 Inflorescentiae
1847 1737 1912 1763 ra-

397 1799 668 1840 cemiformes
717 1799 819 1839 flore
867 1799 1077 1839 terminali
1127 1788 1427 1851 incompositae
1473 1800 1538 1839 vel
1587 1801 1745 1852 saepius
1778 1801 1912 1841 ramis¹

397 1877 552 1917 duobis
585 1877 740 1916 infimis
780 1878 930 1916 iterum
972 1876 1339 1916 racemiformibus
1389 1876 1488 1916 flore
1533 1878 1745 1917 terminali
1793 1891 1912 1917 com-

396 1955 569 2007 positae,
619 1954 805 2002 sessiles,
856 1960 927 1993 aut
961 1967 1014 1993 ex
1049 1953 1184 1993 axillis
1225 1954 1566 2006 cataphyllorum
1601 1955 1641 1993 in
1682 1960 1801 2006 parte
1849 1955 1909 1994 in-

398 2032 548 2072 feriore
582 2032 905 2071 innovationurn
941 2038 1013 2070 aut
1046 2045 1099 2070 ex
1135 2031 1271 2070 axillis
1305 2031 1602 2083 euphyllorum
1637 2038 1679 2071 et
1717 2031 1780 2071 his
1817 2032 1911 2071 bre-

401 2110 540 2149 viores
589 2106 638 2158 (c,
677 2118 831 2160 2,5—5
869 2115 967 2148 ctm.
1012 2106 1096 2161 lg),
1148 2108 1302 2147 axibus
1335 2108 1589 2160 applanatis‚
1639 2108 1913 2160 glabrescen—

398 2187 510 2226 tibus
544 2186 609 2225 vel
643 2186 846 2237 glabratis
880 2186 945 2225 vel
980 2186 1073 2237 pilis
1107 2186 1265 2237 sparsis
1299 2185 1648 2237 pubescentibus
1712 2185 1904 2226 Bracteae

397 2270 538 2303 ovatae
573 2263 637 2303 vel
672 2264 911 2315 superiores
944 2263 1173 2314 longiores,
1209 2262 1607 2302 ovato-lanceolatae
1641 2262 1808 2302 obtusae
1839 2262 1912 2302 vel.

398 2342 530 2380 rarius
572 2346 709 2380 acutae
743 2340 1028 2392 pubescentes
1078 2337 1129 2390 (c.
1170 2350 1275 2378 1—2
1312 2353 1411 2379 rnm.
1448 2336 1534 2391 lg.).
1614 2339 1760 2379 Flores
1808 2339 1913 2379 late—

398 2418 504 2457 rales
538 2417 727 2469 petiolati
764 2417 923 2469 petiolo
956 2417 1090 2464 tereti,
1126 2416 1400 2456 subtilissime
1433 2416 1526 2468 plus
1558 2417 1751 2456 minusve
1775 2416 1911 2468 pubes

398 2495 531 2534 scenti
565 2492 614 2544 (c.
649 2505 808 2545 O,3-—2
844 2500 942 2534 ctm.
978 2491 1064 2546 lg).
1129 2493 1232 2532 Flos
1281 2493 1512 2533 terminalis
1561 2493 1791 2545 petiolatus
1840 2493 1910 2533 vel}

399 2585 523 2623 paene
571 2571 728 2610 sessilis
776 2569 951 2623 (petiolo
991 2585 1025 2610 c.
1061 2580 1263 2622 O‚5-—·2,5
1301 2584 1401 2610 mm.
1438 2567 1508 2622 lg.)
1558 2570 1623 2609 vel
1664 2570 1789 2622 plane
1822 2583 1906 2609 ses-

399 2649 502 2697 silis,
554 2649 736 2688 bracteis
785 2648 952 2687 duabus
992 2648 1137 2687 vacuis
1171 2648 1364 2699 stipatus.
1440 2647 1671 2686 Alabastra
1714 2647 1906 2686 obovata

399 2739 432 2765 c.
472 2734 535 2776 3,5
559 2739 658 2764 mm.
688 2725 742 2777 lg.
808 2724 965 2777 Sepala
998 2725 1227 2764 rotundata
1260 2730 1385 2763 extus
1418 2724 1567 2776 glabra
1605 2724 1757 2772 ciliata,
1793 2724 1906 2763 intus

398 2802 602 2853 adpresse
636 2802 928 2854 pubescentia,
978 2800 1207 2850 (exteriora
1240 2815 1274 2841 c.
1313 2812 1334 2840 2
1371 2814 1470 2840 mm.
1516 2801 1585 2852 lg.‚
1636 2801 1835 2840 interiora
1868 2813 1903 2840 c.

401 2889 422 2929 3
458 2892 557 2918 mm.
593 2877 677 2930 lg).
759 2878 902 2918 Petala
935 2878 1036 2917 mihi
1069 2884 1236 2918 tantum
1270 2891 1324 2917 ex
1364 2877 1583 2917 alabastris
1616 2883 1730 2925 nota,
1781 2890 1911 2929 paene·

398 2956 663 3002 orbicularia,
699 2955 848 3007 glabra
881 2955 1032 2995 ciliata.
1104 2955 1251 2994 Flores
1285 2955 1419 3006 aperti
1453 2954 1565 2993 enim
1599 2954 1640 2993 in
1675 2954 1780 2993 meis
1812 2967 1904 3006 spe-

401 3032 628 3071 ciminibus
662 3031 868 3071 deflorati.
935 3030 1129 3071 Stamina
1146 3031 1295 3083 glabra
1313 3031 1426 3083 stylo
1444 3030 1652 3070 breviora.
1719 3030 1910 3070 Germen.
