2116 3447
1125 202 1204 241 186

406 347 647 386 rotundatae
681 345 746 385 vel
780 344 948 384 obtusae
982 357 1106 395 paene
1138 343 1299 395 glabrae
1332 342 1498 381 ciliatae.
1575 340 1810 380 Bracteolae
1844 353 1915 380 ex—

408 429 591 463 trorsum
637 428 834 462 connatae
879 420 1042 473 glabrae
1075 420 1225 460 ciliatae
1275 417 1324 468 (c.
1366 427 1426 469 1‚5
1464 431 1563 457 mm.
1604 415 1687 469 19).
1767 417 1917 457 Flores

409 500 589 540 sessiles.
665 498 822 551 Sepala
854 509 881 547 4
914 498 1016 545 lata,
1066 497 1341 536 obtusissima
1374 495 1439 534 vel
1472 494 1702 534 rotundata
1768 493 1919 545 glabra

409 575 459 628 (c.
496 588 519 617 2
554 590 654 616 mm.
689 573 774 627 19).
839 572 997 624 (Petala
1042 580 1083 614 et
1116 573 1298 613 stamina
1331 568 1534 623 delapsa).
1600 570 1786 610 Germen
1819 583 1917 609 cum

408 653 633 706 hypanthii
663 658 783 705 parte
811 652 943 690 libera
970 651 1232 690 turbinatum
1259 649 1453 701 glabrum
1475 641 1713 687 zssloculare.
1769 646 1916 698 Stylus

412 731 560 784 glaber
591 728 642 779 (c.
678 742 703 780 9
738 742 837 768 mm.
874 725 958 780 19).

529 813 686 845 Glaziou:
716 823 747 843 n.
780 821 791 842 1
800 812 902 852 6051.

638 944 681 974 II.
734 942 892 973 Dic-basia
919 942 1061 983 unfflora
1088 942 1123 972 in
1149 940 1295 971 umbellis
1321 940 1476 970 collocata.
1528 938 1587 969 Nr.
1614 944 1693 978 415.

531 1042 630 1084 415.
694 1031 745 1071 E.
780 1030 951 1070 Rclben
962 1031 1082 1070 iana
1115 1029 1296 1069 Kiaersk.
1375 1033 1556 1074 islhfrciaria
1596 1033 1784 1073 truncfflora
1835 1031 1923 1072 Berg

413 1108 449 1149 (1.
478 1121 506 1141 c.
532 1121 564 1150 p.
594 1106 686 1150 361).

535 1174 679 1227 Quum
731 1174 820 1226 jam
875 1186 1033 1212 nomen
1086 1171 1295 1224 Eugenz'oe
1343 1169 1599 1223 trzmcfflorse
1655 1166 1819 1219 (Cham.
1881 1172 1924 1207 et

416 1249 647 1302 Schlecht.)
681 1251 793 1303 Berg
825 1250 1047 1297 invenitur,
1083 1262 1241 1288 novum
1275 1248 1377 1288 dare
1410 1261 1585 1287 necesse
1618 1245 1706 1286 fuit.

534 1330 718 1368 Forma
752 1327 861 1367 foliis
894 1327 1087 1379 ellipticis
1120 1325 1186 1366 vel
1210 1325 1404 1365 ovalibus
1429 1324 1494 1364 vel
1518 1322 1924 1375 oblongo-ovalibus

417 1408 539 1460 apice
572 1406 706 1446 acutis
740 1405 805 1445 vel
839 1404 1074 1457 apiculatis.

534 1484 588 1514 Ad
614 1484 757 1524 Lagoa
785 1484 914 1513 Santa
952 1482 985 1511 in
1012 1481 1118 1512 hortis
1157 1480 1213 1510 ubi
1253 1480 1443 1520 frequenter
1483 1478 1586 1516 culta;
1627 1478 1699 1509 flor.
1728 1477 1819 1518 Sept.
1848 1476 1923 1508 Oct.

420 1543 712 1581 »laboticaba«
744 1542 844 1572 incol.
880 1536 1093 1581 (VVarming).

633 1696 860 1737 Subtribus
892 1695 946 1734 V.
982 1690 1234 1746 Feijoideae
1266 1693 1379 1745 Berg
1432 1695 1456 1737 (1
1491 1708 1518 1729 e.
1559 1709 1591 1739 p.
1620 1693 1713 1737 615).

844 1787 1033 1837 Fvijoa
1066 1789 1177 1841 Berg
1217 1791 1252 1833 (l.
1281 1805 1308 1826 c.
1345 1805 1377 1835 p.
1406 1790 1500 1833 615).

538 1888 636 1937 416.
702 1885 885 1939 Feijoa
905 1884 1230 1924 Schenkz'ana
1255 1897 1352 1923 nov.
1382 1895 1496 1934 spec.
1550 1877 1670 1933 [Tab.
1692 1880 1853 1928 XXIV,
1873 1875 1932 1931 a.}³

537 1965 584 2004 F.
622 1964 730 2003 foliis
763 1963 979 2010 coriaceis,
1030 1962 1211 2001 obscure
1245 1960 1310 2000 vel
1344 1973 1430 1999 non
1465 1957 1925 2011 pellucido-punctatis‚

420 2042 614 2083 ovalibus
662 2041 783 2093 apice
832 2039 1092 2087 rotundatis,
1140 2038 1233 2090 plus
1282 2037 1473 2076 minusve
1506 2035 1756 2075 brevissime
1789 2034 1928 2086 apicu-

420 2120 527 2167 latis,
578 2119 769 2170 margine
817 2117 1040 2163 revolutis,
1091 2128 1219 2167 supra
1267 2114 1439 2166 glabris,
1489 2112 1728 2158 subnitidis,
1778 2110 1928 2150 subtus

422 2197 582 2249 opacis,
633 2195 882 2235 brevissime
929 2192 1342 2239 fusco-tomentosis;
1392 2189 1591 2229 dichasiis
1637 2188 1825 2227 unifloris
1873 2201 1927 2227 ex

423 2274 559 2314 axillis
593 2271 932 2324 cataphyllorum
974 2268 1407 2322 griseo-tomentosis;
1457 2266 1631 2306 floribus
1679 2264 1930 2317 brevi-pedi-

423 2351 595 2397 cellatis,
635 2349 791 2401 sepalis
825 2360 850 2397 4
884 2347 966 2387 late
1000 2346 1207 2393 ovalibus‚
1250 2345 1443 2397 germine
1476 2344 1630 2383 obtuse
1663 2342 1929 2395 quadrangu-

423 2428 509 2476 lari,
545 2439 727 2479 superne
761 2424 1020 2471 uniloculari,
1062 2422 1224 2462 inferne
1258 2421 1487 2472 4-loculari.

543 2502 866 2554 Descriptio:
932 2501 1057 2540 Rami
1090 2506 1259 2547 teretes,
1290 2499 1480 2551 juniores
1514 2496 1763 2537 internodiis
1794 2496 1931 2535 tereti-

425 2580 683 2634 applanatis,
734 2579 936 2619 corticem
982 2584 1206 2618 externum
1247 2576 1586 2629 glabrescentem
1620 2574 1702 2613 huc
1735 2573 1831 2612 illuc
1863 2572 1931 2612 de-

422 2658 688 2711 jicientibus,
724 2656 876 2696 novelli
911 2655 1156 2695 tomentosi.
1222 2653 1342 2692 Folia
1371 2652 1591 2704 opposita,
1627 2650 1831 2703 petiolata
1863 2662 1941 2701 per

425 2736 529 2775 tiolo
563 2734 805 2781 semitereti‚
852 2746 980 2784 supra
1013 2731 1189 2778 sulcato,
1231 2730 1427 2781 glabrato
1476 2726 1525 2777 (c.
1561 2728 1676 2778 6—9
1710 2741 1810 2767 mm.
1844 2722 1930 2778 lg.)‚

428 2812 588 2859 ovalia,
638 2811 729 2849 basi
778 2811 818 2849 in
868 2809 1072 2861 petiolum
1117 2807 1299 2859 abrupte
1331 2806 1667 2857 brevissimeque
1700 2808 1939 2850 attenuata„

428 2889 549 2941 apice
583 2887 811 2926 rotundata
844 2886 937 2938 plus
971 2885 1164 2924 minusve
1197 2883 1446 2923 brevissime
1480 2881 1704 2933 apiculata,
1740 2880 1933 2931 margine

429 2965 633 3011 revoluta,
683 2964 888 3010 coriacea,
939 2962 1120 3001 obscure
1163 2960 1228 3000 vel
1262 2973 1347 2999 non
1382 2959 1817 3012 pellucido-punctata
1865 2953 1933 3006 (la-

429 3042 544 3081 mina
577 3054 611 3080 c.
640 3041 842 3090 3‚8-—6,4
861 3045 959 3078 ctm.
995 3038 1049 3090 lg.
1085 3044 1127 3078 et
1160 3051 1193 3077 c.
1222 3046 1379 3087 2‚5—-4
1398 3042 1496 3075 ctm.
1528 3032 1587 3084 lt.)
1621 3047 1749 3086 supra
1771 3033 1932 3085 glabra,

431 3118 660 3165 subnitida,
709 3116 982 3155 subtilissime
1021 3115 1469 3166 impresso-punctam,
1517 3125 1648 3151 nervo
1681 3111 1824 3150 medio
1857 3108 1934 3149 sul-
