2116 3447
1108 200 1183 228 112

388 329 692 382 marginalibus
741 337 782 370 et
831 331 991 371 venulis
1040 332 1270 384 interjectis
1310 332 1538 372 reticulatis
1583 333 1769 374 elevatis.
1836 335 1897 374 In-

388 407 667 447 florcscentiae
691 407 936 458 5—-9-florae
970 406 1196 458 (rarissime
1232 406 1405 459 3-florae)
1439 423 1492 448 ex
1527 410 1663 449 axillis
1700 410 1894 450 foliorum

382 484 599 536 juniorum
641 485 767 536 longe
806 486 1104 537 pedunculatae
1140 486 1382 538 pedunculo
1415 487 1787 539 tereti-applanato
1822 488 1897 527 fer-

390 562 1117 613 rugineo·canescenti-tomentoso‚
1168 564 1341 603 demum
1391 564 1586 615 glabrato
1628 561 1676 613 (e.
1728 576 1894 616 12—-27

388 653 488 678 mm.
545 636 634 690 lg),
692 639 801 679 foliis
857 640 1094 692 saepissime
1147 641 1379 692 longiores,
1437 642 1715 693 compositae:
1773 643 1896 694 primi

388 716 549 755 ordinis
606 716 924 756 racemiformes
969 717 1072 757 flore
1120 718 1351 765 terminali,
1413 719 1588 757 secundi
1635 719 1794 759 ordinis
1839 720 1896 759 di-

388 793 533 832 chasia
573 793 815 844 1——3-flora.
894 794 1005 834 Axis
1051 794 1375 834 inflorescentiae
1419 796 1543 847 primi
1577 796 1736 835 ordinis
1769 810 1898 848 supra

386 870 630 922 pedunculo
679 884 732 910 ex
773 871 942 910 duobus
982 872 1232 911 internodiis
1265 879 1452 920 constat,
1504 873 1686 924 primum
1721 873 1896 926 longum

385 945 436 996 (c.
472 959 618 997 4—10
651 945 780 997 mm),
831 949 1066 988 secundum
1101 949 1231 989 breve
1265 946 1314 998 (c,
1352 960 1373 988 2
1410 947 1527 999 mm.)
1561 950 1626 990 vel
1659 951 1897 1002 saepissime

386 1024 704 1073 brevissimum;
769 1026 874 1065 rami
923 1026 1130 1078 oppositi,
1196 1026 1327 1066 infimi
1383 1027 1620 1079 saepissime
1668 1034 1734 1067 sat
1781 1028 1897 1080 longi

387 1098 537 1154 (usque
577 1103 632 1141 ad
665 1103 692 1142 6
725 1101 842 1153 mm.)
892 1104 1023 1143 rarius
1063 1104 1214 1144 breves
1254 1104 1446 1143 dichasio
1488 1104 1720 1155 1—3-floro
1759 1106 1898 1145 termi-

386 1180 472 1219 nati
506 1176 554 1229 (si
588 1180 778 1219 dichasia
814 1191 925 1231 2—3
961 1180 1065 1220 flora
1098 1187 1206 1229 sunt,
1243 1181 1428 1221 ramulus
1462 1182 1527 1221 vel
1561 1182 1708 1221 ramuli
1743 1183 1897 1222 brevis-

386 1257 481 1296 simi
514 1257 706 1297 dichasio
740 1257 920 1297 unifloro
959 1259 1173 1298 terminati
1215 1255 1346 1308 sunt),
1396 1259 1583 1311 supremi
1631 1259 1783 1300 breves
1832 1260 1897 1300 vel

386 1334 624 1374 brevissimi
670 1335 862 1374 dichasio
910 1335 1090 1375 unifloro
1138 1337 1370 1384 terminati,
1420 1337 1499 1376 sub
1542 1336 1644 1376 flore
1687 1337 1895 1376 terminali

386 1411 519 1451 sessili
583 1412 649 1451 vel
713 1426 837 1464 paene
899 1413 1033 1452 sessili
1097 1413 1194 1452 duae
1257 1413 1441 1453 bracteae
1499 1427 1646 1453 vacuae
1705 1414 1892 1454 caducae.

387 1488 511 1528 Axes
559 1488 903 1538 infiorescentiae‚
960 1490 1188 1530 bracteolae
1249 1490 1460 1543 floresque
1514 1491 1893 1543 ferrugineo-cane-

386 1566 782 1606 scenti-tomentosi.
840 1566 1030 1607 Bracteae
1049 1567 1365 1620 bracteolaeque
1394 1573 1600 1620 quantum
1620 1574 1733 1607 notae
1752 1574 1898 1608 ovato-

387 1643 588 1695 oblongae
623 1650 760 1683 acutae
793 1645 844 1690 (c.
868 1655 888 1694 3
910 1658 1010 1684 mm.
1044 1642 1128 1696 lg).
1193 1645 1426 1684 Alabastra
1456 1645 1645 1684 obovata
1678 1642 1727 1696 (c.
1748 1657 1893 1695 41nm.

386 1717 469 1771 lg.)⁸
550 1720 697 1760 Flores
745 1721 925 1761 sessiles.
1003 1722 1305 1775 Hypanthium
1355 1722 1895 1775 applanato-crateriforme

386 1804 690 1838 tomentosum.
771 1797 928 1851 Sepala
980 1808 997 1850 5
1035 1800 1307 1852 triangularia
1346 1806 1471 1839 acuta
1504 1800 1615 1839 intus
1649 1799 1797 1851 glabra
1844 1796 1894 1849 (c.

391 1886 412 1914 2
446 1888 546 1915 mm.
581 1875 636 1927 lg.
672 1881 714 1915 et
746 1873 817 1925 lt.).
901 1876 1043 1916 Petala
1080 1886 1097 1928 5
1134 1877 1176 1916 in
1210 1878 1314 1917 meis
1347 1877 1654 1929 speciminibus
1687 1890 1783 1916 cum
1818 1883 1897 1916 sta-

388 1952 572 1992 minibus
603 1953 728 2004 plane
752 1953 940 2005 delapsa.
1007 1953 1193 1994 Germen
1212 1954 1455 2002 biloculare,
1482 1954 1630 1993 loculis
1654 1954 1894 1994 biovulatis.

386 2029 533 2081 Stylus
566 2029 854 2070 subuliformis
877 2030 971 2082 pilis
1004 2032 1150 2083 paucis
1174 2031 1351 2079 obsitus,
1387 2031 1508 2083 apice
1532 2037 1742 2070 curvatus.

506 2106 606 2147 Sine
640 2107 772 2146 dubio
806 2107 869 2147 M.
907 2107 1172 2148 Kuntlcz’anae
1203 2105 1345 2160 (Berg)
1388 2108 1586 2160 proxime
1619 2107 1754 2147 affinis
1794 2121 1897 2160 prae-

385 2185 528 2224 sertim
563 2197 647 2223 var.
683 2184 849 2224 villosa.

505 2261 661 2293 Glaziou:
692 2273 722 2292 n.
756 2269 864 2303 17005
905 2258 1025 2301 (Rio).

505 2356 606 2396 Var.
631 2356 822 2396 villosa
856 2357 965 2397 foliis
988 2357 1306 2410 angustioribus
1339 2354 1520 2408 (laminis
1545 2371 1579 2397 c.
1607 2367 1773 2396 11—22
1794 2370 1893 2396 mm.

386 2434 441 2486 lg.
477 2441 518 2473 et
551 2447 585 2473 c,
625 2444 766 2485 5—-10
800 2448 898 2474 mm.
935 2432 993 2484 lt.)
1027 2435 1197 2474 brevius
1231 2434 1456 2487 petiolatis,
1502 2434 1596 2486 pilis
1629 2434 1768 2486 longis
1801 2434 1896 2473 sub-

388 2511 602 2563 adpressis
642 2511 799 2550 villosis
838 2525 941 2550 mox
975 2511 1196 2563 glabratis,
1248 2511 1570 2551 inflorescentiis
1619 2511 1782 2551 circiter
1828 2511 1895 2550 tri-

386 2587 511 2628 floris.

505 2665 661 2696 Glaziou:
692 2676 722 2695 n.
756 2666 866 2704 16999
894 2662 1010 2704 (Rio).

508 2822 603 2864 257.
669 2812 733 2852 M.
755 2812 805 2852 K
808 2813 1059 2853 mztlziana
1092 2811 1232 2865 (Berg)
1266 2813 1447 2853 Kiaersk.
1494 2821 1574 2860 Syn.
1597 2819 1776 2850 Gomidesia
1798 2819 1895 2849 Kan-

387 2890 500 2919 thicma
526 2890 613 2930 Berg
639 2890 673 2929 (l.
701 2901 728 2920 e.
756 2901 788 2931 p.
818 2888 886 2930 23).

508 2954 839 2994 Inflorescentiae
887 2969 911 2994 a
944 2956 1099 3008 Bergio
1133 2956 1391 3007 incomplete
1430 2962 1544 2995 notae
1593 2955 1716 2995 valde
1765 2955 1894 2994 varia-

390 3030 496 3070 biles
528 3037 637 3071 sunt.
718 3030 826 3071 Sunt
859 3033 969 3071 enim
1005 3046 1116 3071 nunc
1150 3032 1340 3072 uniflorae
1382 3046 1478 3072 cum
1513 3032 1681 3072 duobus
1721 3031 1893 3084 paribus

390 3107 657 3147 bractearum
720 3109 798 3148 sub
857 3108 959 3149 flore
1013 3109 1240 3157 terminali,
1306 3123 1417 3149 nunc
1473 3109 1644 3149 triflorae
1701 3109 1893 3148 dichasii-
